3656 5332
749 561 971 630 ,25-

216 738 296 808 nino
313 737 530 808 defecissent.
565 735 698 806 Contra
720 733 876 802 Munro
894 739 939 824 lp.
960 735 1022 823 167
1038 743 1139 822 sqq),
1158 733 1203 803 M.
1221 731 1497 804 Schmidtius

217 827 262 910 (in
278 827 410 896 »Flecx
427 826 527 914 J.·B.«
547 826 633 893 1880
648 847 682 914 p.
699 825 788 913 782,
813 821 993 892 Riesius
1018 825 1063 912 (p.
1081 825 1170 910 220),
1197 823 1497 894 Baehrensius

217 915 262 996 (in
298 938 422 985 comm.
458 915 502 985 ad
534 938 591 982 νν.
620 915 706 1003 718),
804 913 966 980 eberus
1002 913 1047 1001 (p.
1083 915 1195 1002 10517)
1231 909 1496 984 Hoerschel-

216 1027 395 1073 mannus
428 1015 472 1094 (p.
498 1004 533 1094 7]
556 1007 586 1092 ),
623 1003 667 1071 Η.
693 1000 892 1074 Monsius
923 1003 970 1090 (p.
998 1002 1051 1156 14?
1076 1003 1267 1069 censebant
1290 1000 1368 1070 illos
1392 1003 1496 1092 scrip-

216 1105 323 1178 toreS,
356 1093 485 1184 quippe
509 1093 569 1181 qui
592 1103 732 1160 veteres
757 1101 885 1174 essent,
917 1112 938 1157 a
961 1087 1057 1157 Mali
1081 1101 1186 1178 gustu
1213 1089 1245 1159 in
1270 1101 1408 1180 tempus
1432 1093 1495 1160 ab·

216 1183 460 1251 horruisse.
494 1181 575 1267 Qua
595 1177 767 1249 sententia
790 1201 860 1246 vox
884 1190 1072 1248 »veterum«
1094 1178 1283 1268 praecipue
1306 1181 1496 1269 premenda

218 1285 281 1340 est.
329 1271 367 1340 Si
391 1283 508 1340 autem
533 1270 625 1340 illam
649 1268 865 1358 opinionem:
891 1266 1010 1336 Mallio
1034 1278 1188 1336 »veteres
1212 1267 1416 1358 scriptores«
1439 1270 1496 1338 de·

216 1359 340 1442 luisse,
373 1359 664 1449 contemplamur,
699 1357 766 1425 hae
790 1370 975 1425 moventur
998 1355 1248 1426 dubitationes:
1281 1380 1342 1426 cur
1367 1356 1496 1427 Catulli

217 1449 358 1534 amicus,
383 1449 413 1519 si
428 1448 608 1518 veteribus
623 1445 788 1536 operibus
805 1447 957 1530 carebat,
982 1468 1151 1513 novorum
1169 1445 1305 1516 libellos
1322 1447 1366 1515 ad
1384 1470 1495 1516 recre-

216 1538 343 1607 andum
375 1537 524 1606 animum
560 1558 628 1604 non
660 1533 841 1603 adhibuit?
887 1533 945 1602 An
981 1556 1101 1602 eorum
1134 1557 1273 1624 quoque
1305 1535 1434 1625 scripta
1465 1536 1496 1604 ei

216 1627 423 1695 defuerunt?
456 1624 526 1711 Qui
550 1636 676 1708 autem,
701 1622 730 1690 si
754 1623 844 1691 hanc
868 1623 1047 1711 sequimur
1070 1620 1250 1706 rationem,
1275 1623 1350 1693 fieri
1374 1625 1494 1714 po'tuit,

216 1727 252 1782 ut
283 1715 422 1784 Mallius
457 1713 634 1782 Catullum
667 1722 854 1780 »veterum«
887 1711 1094 1802 scriptorum
1128 1735 1237 1802 opera
1270 1735 1310 1782 se
1345 1713 1497 1796 deficere

216 1803 399 1872 certiorem
415 1803 547 1872 laceret
563 1801 793 1870 recentiorum
810 1823 956 1890 operum
973 1801 1122 1890 inopiam
1147 1802 1252 1940 negle
1280 1824 1353 1884 ens,
1378 1825 1495 1891 quam·

215 1915 318 1981 quam
338 1891 498 1962 Catullus
522 1891 532 1958 i
559 1913 599 1960 se
622 1890 785 1980 princeps
808 1901 883 1958 erat
899 1901 982 1958 »τῶν
997 1895 1206 1979 vrortpov«.
1277 1913 1367 1979 eque
1384 1891 1497 1981 magis

216 1980 361 2068 cogitari
392 1992 509 2071 potest
571 1979 687 2047 allium
716 1977 948 2056 recentiorum
984 1978 1113 2067 scripta
1145 1978 1357 2048 fastidivisse
1391 1991 1496 2070 atque

215 2069 248 2137 id
273 2093 351 2138 cum
375 2081 480 2158 poeta
504 2066 826 2137 communicavisse.
863 2065 1082 2136 Offendisset
1105 2068 1196 2136 enim
1221 2068 1280 2136 tali
1305 2069 1496 2139 rusticitate

217 2157 344 2227 Catulli
379 2158 555 2245 ingenium
590 2178 705 2244 neque
740 2155 884 2224 meritus
919 2168 1030 2239 esset,
1067 2168 1104 2224 ut
1135 2168 1238 2246 poeta
1268 2156 1493 2242 Veronensis,

216 2247 376 2336 quamvis
411 2249 565 2334 lugeret,
603 2245 753 2332 benigne
787 2267 849 2334 per
883 2266 1008 2313 versus
1033 2245 1262 2334 responderet
1285 2246 1340 2334 (cl.
1365 2245 1492 2316 Hoer-

215 2337 485 2405 schelmann.
515 2358 548 2425 p.
575 2335 654 2423 πθ).
701 2331 779 2402 Hae
803 2355 932 2402 causae
955 2356 1043 2421 ergo
1066 2333 1172 2423 priori
1195 2334 1346 2425 opinioni
1370 2357 1495 2426 repug-

216 2437 308 2494 nant.
341 2424 403 2493 Sin
427 2437 543 2493 autem
567 2425 712 2492 alteram
737 2421 947 2512 inspicimus,
972 2423 1078 2510 longe
1102 2424 1316 2513 probabilior
1340 2425 1397 2493 illa
1414 2446 1496 2493 esse

216 2513 361 2583 videtur.
392 2513 548 2582 Mallium
573 2511 663 2581 enim
688 2524 828 2580 veteres
851 2511 1040 2601 scriptores
1064 2535 1133 2584 non
1157 2513 1387 2598 oblectabant,
1413 2513 1495 2603 quia

215 2603 350 2671 illorum
383 2602 509 2672 detrita
539 2613 575 2684 et
605 2602 764 2671 obsoleta
795 2601 924 2690 scripta
948 2601 980 2670 ei
1004 2600 1037 2669 in
1062 2625 1231 2692 praesens
1255 2601 1493 2693 displicebant.

215 2690 305 2760 Nam
329 2692 388 2780 qui
412 2715 432 2760 e
457 2694 580 2761 morbo
596 2690 696 2779 gravi
714 2691 869 2780 corporis
886 2703 945 2759 aut
961 2690 1063 2758 animi
1078 2693 1378 2775 reconvalescunt,
1403 2690 1495 2760 lasti·

215 2781 314 2849 dioso
343 2794 378 2849 et
407 2781 582 2850 obstinato
612 2783 762 2866 gustatu
787 2790 882 2861 sunt,
919 2791 955 2846 ut
990 2779 1095 2848 modo
1130 2782 1216 2849 haec
1246 2803 1383 2849 summo
1417 2803 1495 2849 cum

215 2869 331 2938 taedio
355 2869 553 2959 repudient,
591 2868 694 2936 modo
718 2867 776 2936 illa
800 2866 934 2935 ardenti
957 2868 1073 2936 studio
1096 2882 1246 2958 captent.
1293 2869 1413 2958 Atque
1438 2870 1495 2938 mi·

214 2959 306 3026 nime
322 2958 457 3027 mireris
473 2957 640 3040 Mallium,
666 2954 794 3025 Catulli
819 2955 1032 3038 familiarem,
1057 2979 1142 3027 suae
1165 2958 1289 3026 aetatis
1313 2971 1495 3048 poetarum

214 3045 354 3136 ingenio
378 3046 574 3117 indulsisse.

323 3136 413 3206 Cum
448 3137 554 3225 igitur
589 3137 653 3203 hac
689 3133 860 3204 sententia
895 3133 1011 3204 omnia
1049 3137 1231 3207 commode
1271 3136 1494 3219 illustrentur,

215 3248 282 3294 non
312 3227 379 3295 iam
414 3225 563 3294 dubitari
599 3235 731 3314 potest,
768 3236 845 3293 utra
874 3245 981 3292 causa
1009 3225 1228 3295 verisimilior
1251 3225 1304 3295 sit.
1354 3225 1495 3296 Censeo

215 3337 302 3402 ergo
325 3326 498 3383 »veterum
528 3313 752 3469 scriptorum«
780 3334 888 3402 opera
913 3312 1007 3380 Malli
1032 3313 1184 3382 animum
1208 3315 1287 3384 ideo
1311 3339 1379 3384 non
1403 3316 1495 3384 exhi-

214 3403 394 3485 laravisse‚
419 3404 533 3492 quod
557 3403 589 3471 il
617 3424 680 3470 um
706 3413 789 3470 tam
814 3400 1098 3489 antiquorum
1123 3404 1344 3474 taedebat.

963 3674 1056 3731 ,3)

588 3843 661 3926 iv.
689 3844 753 3926 oe
781 3863 915 3926 versu
943 3789 1128 3927 ultimo.

320 4016 433 4087 Huius
458 4040 583 4087 versus
606 4018 804 4108 explanatio
829 4019 970 4088 maximi
993 4033 1047 4088 est
1072 4019 1246 4103 momenti,
1271 4018 1400 4108 quippe
1426 4040 1495 4106 qua

213 4131 281 4178 non
317 4108 421 4175 modo
451 4118 524 4175 tota
555 4107 629 4175 sere
662 4130 826 4178 versuum
854 4131 963 4197 1-40
985 4107 1224 4199 interpretatio
1248 4121 1399 4189 constet,
1430 4108 1494 4175 sed

214 4197 317 4266 etiam
352 4196 521 4281 rationes,
557 4219 648 4285 quae
681 4197 770 4266 inter
800 4220 856 4266 vv.
892 4220 1000 4285 1-40
1031 4211 1064 4266 et
1097 4198 1254 4285 41-160
1277 4196 1494 4264 intercedere

214 4286 382 4370 dicuntur,
408 4286 592 4355 maximam
616 4299 750 4376 partem
776 4287 1011 4356 exordiantur.

321 4373 525 4461 Rogaverat
549 4374 657 4465 igitur
681 4374 858 4445 Catullum
882 4375 1032 4460 Mallius
1064 4387 1101 4444 ut
1124 4375 1189 4444 sibi
1213 4396 1427 4444 »munera
1451 4395 1495 4444 et

214 4462 435 4540 Musarum
452 4477 494 4533 et
511 4464 712 4533 Veneris«
729 4467 923 4555 praeberet.
957 4464 1060 4551 Quae
1076 4466 1186 4533 verba
1203 4475 1495 4533 commentatores

214 4575 282 4622 non
307 4575 377 4621 uno
401 4553 505 4621 modo
530 4553 744 4643 interpretati
769 4566 858 4622 sunt.
891 4554 1012 4643 ltaque
1036 4575 1101 4621 nos
1125 4576 1167 4621 ea
1191 4552 1347 4622 contueri
1367 4566 1401 4622 et
1417 4575 1494 4622 con·

215 4642 371 4711 siderare
389 4664 535 4711 necesse
552 4657 616 4712 est.
656 4643 774 4733 Atque
792 4641 941 4733 primum
958 4642 1097 4732 quidem
1114 4642 1144 4710 si
1161 4641 1379 4732 requirimus,
1405 4664 1495 4730 quae
