3656 5332
876 486 1095 571 ,46-

349 683 381 751 in
415 681 471 749 illa
503 680 644 770 capsula
674 680 825 762 luerint,
848 679 1039 760 nescimus,
1069 703 1145 747 cum
1177 692 1236 748 aut
1268 678 1396 748 Catulli
1427 679 1536 769 ipsius
1567 694 1625 749 aut

347 771 492 840 aliorum
510 781 672 859 poemata
690 769 808 855 sagire
825 769 935 837 liceat.
984 768 1058 839 Sed
1076 782 1206 837 certum
1225 781 1278 836 est
1295 769 1488 837 recentiora
1505 793 1623 859 opera,

350 858 465 948 qualia
490 858 629 926 Mallius
653 870 837 947 optaverat
859 857 914 944 (cs.
939 882 972 947 p.
997 864 1063 946 gil,
1087 855 1205 926 fuisse.

455 947 524 1034 Qui
561 960 677 1015 autem
718 947 806 1014 falso
849 946 934 1036 ipsis
976 946 1136 1015 versibus
1174 967 1317 1035 15-32
1351 946 1460 1014 duas
1499 970 1624 1036 preces

262 1101 264 1104 .
347 1059 492 1127 prorsus
508 1047 686 1104 recusatas
700 1058 780 1106 esse
792 1034 1045 1118 existimabant,
1059 1035 1305 1103 succedentem
1318 1047 1453 1124 partem
1466 1039 1624 1125 (33-36)

349 1125 496 1196 diversis
520 1124 633 1193 modis
651 1124 950 1213 explanaverunt:
1391 1199 1392 1202 Ἴ

459 1213 697 1303 1.Vulpius
721 1213 868 1302 primum
900 1213 965 1296 (ed.
988 1236 1019 1302 p.
1045 1216 1123 1301 392)
1157 1211 1345 1280 arbitratus
1370 1225 1423 1280 est
1448 1211 1625 1282 Catullum

348 1302 513 1372 versibus
532 1303 666 1391 33-36
698 1302 793 1391 prius
826 1303 934 1370 dicta:
970 1325 1009 1370 se
1039 1301 1232 1370 versiculos
1267 1301 1455 1370 amatorios
1488 1302 1625 1371 mittere

348 1416 415 1460 non
448 1414 567 1482 posse,
601 1391 634 1459 in
663 1392 767 1459 finem
800 1404 976 1478 tamquam
1005 1413 1117 1458 nova
1147 1411 1280 1458 causa
1310 1388 1430 1458 fulcire
1459 1391 1624 1471 voluisse,

348 1504 426 1550 cum
450 1481 675 1549 contenderet
699 1480 763 1549 sibi
787 1503 910 1548 omnes
934 1479 1075 1547 libros
1100 1479 1242 1559 deesse,¹
1262 1477 1388 1566 quibus
1412 1480 1456 1556 ad
1473 1481 1625 1548 carmina

348 1570 405 1638 illa
429 1570 614 1659 pangenda
638 1569 818 1656 indigeret.
865 1569 1013 1636 Videtur
1035 1591 1123 1657 ergo
1149 1567 1334 1656 Vulpius
1354 1568 1534 1656 putavisse
1560 1568 1625 1638 Ca·

349 1659 433 1727 tullo
458 1659 502 1726 ad
527 1657 810 1748 compositionem
835 1680 1013 1739 versuum,
1037 1657 1177 1745 »quibus
1201 1655 1350 1724 Manlius
1382 1656 1527 1726 amicam
1556 1659 1625 1747 pla-

350 1771 430 1816 care
454 1758 597 1836 posset«,
622 1747 791 1815 immenso
815 1747 981 1815 librorum
1005 1759 1175 1902 apparatu
1199 1767 1288 1834 opus
1312 1745 1430 1814 luisse.

454 1859 484 1904 2.
511 1835 609 1904 Alii
632 1835 758 1904 dei'nde
783 1859 838 1903 vv.
864 1836 998 1924 33-36
1020 1859 1041 1902 a
1088 1835 1196 1903 libros
1221 1834 1467 1903 ebibliotheca
1486 1834 1624 1919 Catulli,

348 1947 436 2014 quos
460 1925 601 1992 Mallius·
623 1937 804 2014 praeter
827 1925 979 1992 carmina
1011 1924 1178 1996 amatoria
1201 1923 1233 1990 in
1259 1947 1292 1990 v.
1320 1946 1360 1991 10
1383 1923 1491 2013 petita
1514 1925 1625 2014 requi-

351 2013 501 2092 sivisset,
526 2015 723 2083 referebant
747 2014 805 2096 (ita
829 2012 875 2080 Α.
893 2012 1089 2082 Weisius
1114 2036 1163 2102 pr.
1184 2013 1269 2101 1863
1293 2033 1325 2101 p.
1342 2037 1373 2101 4,
1400 2011 1626 2102 Westpha·

348 2103 434 2172 lius
458 2127 490 2192 p.
515 2104 628 2191 ⁶9l70‚
653 2103 806 2171 Munro
830 2126 863 2191 p.
887 2124 955 2191 175,
981 2102 1094 2169 Ellis.
1120 2101 1152 2169 in
1170 2124 1293 2170 comm.
1315 2125 1349 2191 p.
1366 2123 1431 2192 325
1448 2103 1491 2170 ad
1509 2126 1541 2171 ν.
1559 2105 1626 2191 33).

455 2215 485 2280 3.
511 2191 693 2260 Riesius
717 2192 867 2279 denique
890 2200 934 2280 (p.
952 2198 1029 2278 224)
1040 2195 1063 2272 1)
1082 2190 1257 2259 Catullum
1273 2213 1337 2278 per
1353 2214 1478 2260 versus
1496 2213 1630 2280 15—32.

351 2303 506 2348 »munera
530 2295 564 2348 et
580 2280 760 2348 Musarum
785 2293 820 2348 et
836 2279 999 2348 Veneris«
1022 2279 1210 2368 negavisse
1235 2279 1378 2364 censuit,
1402 2281 1420 2348 i.
1438 2303 1468 2348 e.
1485 2283 1627 2370 propria

349 2393 439 2438 nova
472 2369 624 2438 carmina
656 2368 767 2437 amico
801 2369 1049 2458 componenda.
1105 2367 1198 2454 Quia
1230 2380 1344 2436 autem
1379 2369 1519 2437 Mallius
1554 2382 1625 2436 tum

350 2459 600 2527 vetustiora
624 2458 775 2526 carmina
800 2457 856 2525 vel
882 2456 1009 2526 Catulli
1034 2458 1089 2525 vel
1114 2457 1259 2525 aliorum
1283 2463 1485 2546 »oaorepov«
1504 2471 1627 2546 petere

263 2570 268 2575 ·
350 2547 470 2637 potuit,
496 2559 635 2636 poetam
660 2546 820 2616 versibus
844 2547 984 2635 33-—36‚
1010 2569 1086 2614 cum
1118 2546 1205 2614 haec
1236 2569 1376 2636 quoque
1406 2570 1445 2614 se
1475 2547 1626 2616 deficere

349 2637 597 2725 pronuntiaret,
623 2635 701 2703 talis
725 2635 949 2722 flagitationis
965 2635 1185 2704 occasionem
1202 2658 1222 2703 a
1239 2635 1406 2725 principio
1423 2635 1625 2704 abscidisse.

349 2725 400 2793 At
422 2737 666 2814 praeterquam
691 2724 783 2813 quod
800 2723 995 2793 recentiora
1016 2737 1178 2813 poemata
1196 2722 1324 2792 Catulli
1342 2748 1360 2793 a
1378 2724 1627 2793 vetustioribus

349 2814 558 2902 quibusdam
597 2813 663 2881 illis
702 2813 786 2903 ipsis
822 2813 982 2882 versibus
1017 2835 1188 2900 nusquam
1226 2814 1318 2881 clare
1358 2813 1625 2900 distinguuntur,

348 2925 533 2993 perperam
558 2926 578 2970 a
595 2902 627 2968 R
638 2902 749 2971 iesio
773 2903 989 2991 propositum
1006 2915 1061 2970 est
1076 2901 1232 2977 Mallium
1250 2902 1443 2991 rogavisse,
1470 2915 1507 2971 ut
1522 2916 1627 2992 poeta

349 2992 414 3060 sibi
439 2991 617 3080 propria
641 3014 732 3059 nova
756 3004 918 3079 poemata
942 3006 1114 3080 pangeret
1138 2990 1192 3070 (cf.
1217 3013 1276 3080 pg.
1301 3003 1366 3079 32).

456 3080 507 3147 llli
531 3093 657 3162 autem,
683 3080 740 3167 qui
764 3092 858 3147 recte
881 3079 914 3147 in
940 3103 995 3147 vv.
1024 3100 1153 3169 15-32
1184 3082 1260 3147 sola
1283 3103 1441 3148 »munera
1466 3079 1627 3148 Veneris«

351 3169 490 3237 tractari
515 3170 788 3250 declaraverant,
813 3168 876 3236 sed
902 3180 1114 3248 erraverant,
1140 3190 1218 3237 cum
1244 3191 1285 3236 ea
1302 3169 1495 3237 carmina
1517 3192 1627 3236 ama-

329 3257 464 3325 toria
488 3279 568 3326 esse
592 3257 737 3339 vellent,
762 3257 872 3326 coacti
895 3269 992 3340 sunt,
1018 3270 1055 3325 ut
1075 3281 1131 3325 vv.
1158 3258 1291 3346 33-36
1315 3259 1357 3325 ad
1383 3280 1507 3346 preces
1531 3257 1627 3325 Malli

352 3347 396 3415 de
420 3347 636 3415 »muneribus
660 3345 853 3415 Musarum«
882 3345 902 3414 i.
927 3371 957 3414 e.
986 3347 1029 3414 de
1054 3347 1326 3414 carminibus
1350 3347 1495 3415 doctis
1518 3347 1627 3416 factas

350 3437 565 3526 respondere
601 3437 751 3504 animum
786 3435 997 3504 inducerent.
1050 3434 1122 3502 Sed
1158 3435 1233 3524 ipsa
1268 3458 1357 3504 voce
1392 3435 1628 3525 »scriptorum«

350 3535 395 3601 (v.
420 3531 476 3614 33)
501 3525 639 3592 minime
663 3525 802 3592 docta
826 3537 987 3613 poemata
1011 3524 1188 3611 designari
1212 3537 1356 3592 constat.
1405 3524 1524 3612 Atque
1549 3547 1627 3593 cum

350 3613 399 3681 sic
425 3613 585 3682 Catullus
609 3613 642 3681 in
668 3637 722 3680 vv.
751 3634 880 3701 15-32
905 3611 1056 3680 carmina
1088 3613 1216 3681 etiam
1250 3615 1550 3702 componenda
1577 3636 1628 3681 re·

351 3725 474 3770 cusare
509 3702 739 3784 existimetur,
776 3701 855 3791 quia
891 3724 933 3769 ea
968 3703 1045 3770 sola
1078 3702 1174 3770 iratis
1210 3716 1320 3770 morte
1355 3703 1517 3771 excusari
1551 3725 1628 3792 pos-

351 3804 439 3874 sunt,
474 3791 596 3858 mirum
629 3791 662 3858 iu
691 3791 831 3858 modum
858 3804 1080 3880 opponuntur
1111 3803 1273 3880 poemata
1299 3790 1459 3859 lascivi
1488 3791 1629 3880 generis

351 3880 511 3948 dehinc
534 3880 721 3969 pangenda
745 3878 889 3948 doctis
913 3879 1053 3966 elegiiS,
1078 3903 1166 3968 quas
1190 3893 1319 3947 antea
1347 3879 1429 3948 iam
1455 3881 1629 3969 perfectas

351 3991 430 4038 esse
454 3969 589 4037 Romae
613 3968 709 4037 urbis
732 3969 905 4037 mentione
930 3969 1122 4037 exhibetur.
1171 3968 1271 4054 Quas
1295 3969 1485 4038 sententias
1506 3991 1629 4038 omnes

351 4057 452 4127 simul
476 4058 509 4126 in
534 4058 678 4126 vocibus
701 4079 861 4125 »munera
881 4069 915 4125 et
931 4058 1111 4126 Musarum
1128 4069 1163 4125 et
1180 4058 1341 4126 Veneris«
1356 4065 1401 4140 (v.
1422 4062 1475 4140 10)
1492 4058 1629 4127 abditas

351 4170 431 4216 esse
455 4147 537 4214 mihi
561 4147 702 4236 quidem
725 4169 793 4215 non
818 4145 1057 4235 persuadetur.

458 4235 607 4304 Perinde
637 4249 754 4304 autem
784 4257 852 4302 non
877 4233 1131 4304 admittendum
1162 4248 1216 4304 est
1246 4235 1463 4325 propositum
1497 4257 1628 4316 eorum,

350 4325 409 4413 qui
425 4337 548 4415 putant
565 4323 751 4406 Catullum,
775 4347 854 4392 cum
878 4323 911 4391 in
933 4347 989 4392 vv.
1018 4346 1147 4414 15-32
1171 4347 1330 4414 parvas
1354 4347 1495 4412 nugas
1519 4323 1631 4392 amico

350 4414 610 4503 componendas
644 4413 878 4499 recusaverit,
919 4424 990 4481 tum
1027 4413 1059 4480 in
1095 4438 1151 4481 vv.
1188 4415 1321 4503 33-36
1360 4412 1628 4495 artificiosa,

461 4610 479 4679 ¹)
499 4612 531 4667 ld
550 4611 640 4666 etiam
660 4610 697 4666 H.
718 4611 867 4666 Monsio
888 4609 927 4681 (p.
948 4612 992 4681 15)
1011 4613 1163 4682 probatur.
