3656 5332
833 527 1049 592 ..16-

304 717 475 871 li⁰t¹¹i⁵⁵e''
495 731 533 785 ut
556 720 660 787 homo
685 719 843 807 coniugis
867 733 978 788 morte
995 721 1217 789 contristatus
1236 723 1279 788 ab
1296 721 1408 789 amico
1424 744 1584 789 »munera

338 808 478 889 eneris«,
502 808 755 896 qualiacunque
779 822 874 887 sunt,
906 823 1041 898 peteret
1065 823 1105 877 et·
1123 811 1262 878 lascivis
1287 810 1406 878 verbis
1429 813 1526 878 velut
1550 812 1583 877 in

304 919 360 963 vv,
377 918 511 984 27-30
527 910 683 965 uteretur
692 906 726 980 ¹).
759 897 964 966 Incredibile
988 922 1128 986 quoquc
1152 922 1231 967 esse
1248 899 1387 966 videtur
1405 899 1582 967 Catullum

304 986 435 1054 sodalis
470 986 644 1068 dolorem,
685 987 714 1054 si
750 1010 834 1055 vere
872 1001 941 1055 tam
978 991 1080 1074 gravi
1114 989 1308 1056 calamitate
1344 1001 1459 1056 motus
1497 1000 1582 1069 erat,

304 1073 424 1141 tantuli
458 1074 573 1142 facere
608 1075 779 1164 potuisse,
817 1077 1023 1166 praesertim
1054 1100 1133 1145 cum
1158 1076 1270 1144 Calvo
1301 1077 1420 1144 uxoris
1448 1077 1581 1144 obitum

304 1162 436 1248 lugenti
468 1163 565 1231 aliter
595 1166 824 1253 responderet
854 1166 887 1231 in
919 1189 947 1235 c.
972 1165 1091 1233 XCVI
1122 1167 1176 1249 (cl.
1202 1165 1440 1252 Kiessling.
1464 1190 1497 1255 p.
1525 1189 1581 1252 i4;

305 1251 539 1319 Weberum
576 1275 608 1341 p.
636 1276 714 1337 102;
748 1253 960 1321 Monsium
991 1255 1060 1322 »Zu
1093 1254 1223 1322 Catull«
1255 1278 1304 1344 pr.
1337 1254 1582 1322 Schweidnitz.

306 1341 392 1430 1895
414 1363 475 1430 aa·
503 1348 566 1424 11)-

412 1456 532 1544 ltaque
555 1456 627 1541 Jos.
652 1455 861 1543 Scaliger
877 1459 946 1542 (ed.
967 1473 1074 1547 1577),
1100 1458 1226 1546 aliique
1243 1459 1462 1538 voluerunt2)
1486 1457 1582 1525 Malli

304 1545 533 1613 calamitatem
569 1547 603 1612 in
634 1569 677 1614 eo
709 1546 811 1613 sitam
844 1547 968 1630 fuisse,
1003 1548 1096 1635 quod
1128 1547 1168 1614 in
1200 1561 1372 1636 tempus
1403 1549 1447 1615 ab
1471 1547 1582 1614 amica

304 1634 494 1701 disiunctus
528 1648 622 1702 esset
655 1635 730 1703 sive
759 1635 834 1702 rixa
858 1636 933 1703 sive
956 1635 1102 1724 perfidia
1126 1636 1201 1703 sive
1225 1635 1292 1704 alia
1315 1641 1457 1715 causasst
1503 1636 1581 1703 Hoc
1611 1659 1614 1662 ·

304 1735 420 1789 autem
445 1725 548 1790 modo
572 1724 635 1806 illi,
670 1724 728 1811 qui
757 1724 923 1791 unitatem
947 1725 1117 1814 poematis
1141 1727 1349 1811 tutabantur,
1375 1747 1582 1792 consensum

304 1813 477 1898 quendam
504 1813 591 1879 effici
615 1815 782 1901 putabant
806 1814 895 1881 inter
917 1838 975 1881 vv.
999 1818 1059 1903 5l6
1082 1827 1116 1881 et
1142 1835 1214 1903 155.
1262 1814 1352 1881 Nam
1376 1816 1405 1881 si
1429 1814 1524 1881 Malli
1549 1827 1583 1881 et
1662 1840 1665 1846 ·

304 1916 439 1969 amatae
470 1901 544 1968 eius
579 1903 747 1969 seiunctio
779 1902 888 1988 fugax
919 1916 1010 1984 erat,
1053 1901 1213 1970 Catullus
1248 1902 1280 1970 in
1314 1905 1441 1970 bonum
1479 1926 1580 1970 omen

304 1989 380 2057 illas
418 1991 670 2077 gratulationes
708 1991 988 2080 pronuntiavisse
1023 1993 1206 2059 videbatur
1241 1991 1293 2073 (cf.
1329 1992 1578 2077 Kiessling.

304 2102 337 2167 p.
365 2082 463 2165 14)4).
512 2080 608 2147 Voce
631 2080 802 2147 »caelibis«
826 2093 956 2161 autem,
989 2082 1046 2169 qui
1078 2081 1156 2148 huic
1181 2081 1482 2169 adstipulabantur
1505 2103 1579 2147 sen-

304 2167 448 2249 tentiae,
496 2169 669 2236 hominem
708 2169 741 2236 in
780 2169 981 2236 universum
1021 2193 1140 2238 amore
1179 2183 1355 2237 carentem
1395 2168 1582 2257 significari

304 2259 493 2324 censebant
517 2271 550 2324 et
574 2258 729 2325 Mallium
754 2281 774 2324 a
797 2259 912 2347 puella
936 2260 1143 2327 »desertum«
1168 2281 1248 2326 esse
1272 2261 1525 2347 supponebant.

410 2370 484 2439 Sed
515 2370 739 2458 Scaligeri
775 2373 891 2462 opinio
924 2397 991 2441 non
1023 2375 1214 2443 indubitata
1245 2388 1329 2442 erat.
1383 2373 1459 2458 Jam
1492 2373 1581 2440 enim

304 2459 564 2528 Schwabius
581 2461 651 2546 (»Q.
668 2461 723 2529 C«
735 2485 794 2550 pg.
812 2472 890 2550 342¹)
914 2465 1079 2550 cognovit
1096 2487 1260 2532 versuum
1280 2485 1364 2548 1-4
1382 2464 1488 2529 verba
1505 2485 1580 2548 gra·

305 2550 402 2617 viora
426 2572 627 2637 essequam
645 2574 734 2638 quae
752 2552 794 2617 ad
813 2553 927 2619 levem
944 2554 1131 2620 amantium
1148 2553 1356 2621 discordiam
1372 2563 1582 2639 spectarent.

304 2639 423 2726 Atque
447 2651 552 2727 poeta
576 2639 661 2729 ipse,
686 2662 764 2708 cum
785 2663 840 2708 vu.
862 2663 970 2726 1-40
985 2642 1133 2731 scripsit,
1158 2656 1227 2710 tam
1253 2641 1338 2708 tristi
1363 2640 1476 2705 animo
1493 2652 1578 2720 erat,

304 2740 341 2794 ut
377 2727 408 2794 ei
443 2728 590 2794 alienum
626 2728 733 2796 fuisse
763 2742 898 2796 constet
931 2730 1109 2798 ridiculam
1141 2731 1240 2798 amici
1271 2730 1414 2816 eiusque
1443 2741 1580 2795 amatae

415 2943 433 3006 'l
453 2944 538 2998 Hanc
564 2946 603 2998 ob
631 2961 752 2998 causam
777 2945 866 2999 etiarn
887 2944 1068 2998 reiciendum
1093 2954 1151 3010 est,
1179 2944 1257 3014 quod
1282 2944 1442 2999 Riesius
1463 2943 1500 3012 (p.
1520 2944 1582 3008 220)

304 3016 380 3070 inter
400 3015 457 3070 alia
477 3015 628 3085 proponit:
648 3015 779 3070 Mallium
799 3032 921 3085 gravem
944 3016 1061 3085 puellae
1080 3033 1153 3069 suae
1172 3017 1308 3070 morbum
1329 3032 1475 3069 maerere.

414 3085 433 3151 ⁹)
454 3086 676 3154 Doeringius
705 3087 873 3156 (ed.1834),
903 3104 990 3156 quem
1020 3086 1192 3140 Weisius
1221 3087 1260 3154 (in
1280 3103 1324 3157 pr.
1357 3088 1425 3155 1869
1453 3103 1480 3154 p.
1499 3083 1527 3151 8)
1554 3084 1582 3138 in

304 3157 499 3226 Scaligeri
527 3157 650 3211 asseclis
674 3167 824 3225 numerat,
853 3157 925 3212 milii
944 3158 1127 3226 distinguere
1147 3157 1276 3212 videtur:
1299 3157 1322 3224 1)
1342 3167 1452 3212 sortem
1477 3172 1581 3226 »quan-

305 3230 389 3284 dam«
411 3228 501 3283 Manli
520 3228 720 3283 tristissimam
741 3229 778 3299 (p.
802 3230 866 3299 1385
886 3229 918 3282 cs.
934 3245 962 3298 p.
982 3247 1033 3298 139
1052 3229 1193 3284 »Manlius
1213 3230 1250 3282 ob
1273 3229 1387 3283 tristem
1407 3228 1582 3298 quendam

304 3317 405 3355 casum
428 3301 590 3369 naufragus
609 3299 741 3366 dicitur«)
762 3311 791 3356 et
810 3301 836 3367 2)
855 3300 1010 3370 perfidiam
1039 3301 1163 3370 puellae,
1192 3317 1269 3370 quae
1288 3301 1345 3366 (vv.
1366 3300 1420 3369 5l6)
1440 3298 1581 3353 Manlium

303 3371 442 3453 deseruit.
486 3371 552 3425 Duo
581 3370 670 3441 igitur
698 3371 886 3426 incommoda
905 3371 1012 3427 Catulli
1039 3372 1166 3426 amicum
1195 3371 1282 3426 simul
1311 3387 1487 3441 perpessum
1514 3385 1581 3423 esse

302 3452 448 3499 statuerit.

412 3529 432 3598 ⁸)
452 3531 532 3585 velut
551 3531 629 3587 Malli
649 3532 779 3602 puellam
798 3540 920 3602 propter
939 3531 1013 3585 iter
1032 3531 1142 3587 aluisse
1163 3530 1321 3596 (Riesius
1340 3531 1378 3584 ad
1398 3549 1425 3585 v.
1439 3548 1456 3598 4
1469 3546 1497 3599 p.
1511 3529 1583 3594 220).

411 3621 431 3686 ⁴)
453 3620 516 3674 Hoc
542 3621 605 3674 loco
631 3620 722 3675 etiam
742 3630 869 3675 tractare
889 3620 982 3689 liceat,
1003 3637 1183 3690 quamquam
1203 3637 1221 3674 a
1240 3619 1347 3674 ceteris
1366 3619 1516 3688 aliquanto
1535 3617 1583 3671 ab·

303 3691 412 3756 horret,
432 3691 511 3760 quod
530 3691 560 3744 Β,
582 3691 820 3747 Schmidtius
840 3692 879 3758 (in
899 3693 944 3745 ed.
965 3693 1047 3761 proll.
1068 3693 1146 3746 adv.
1162 3692 1222 3761 157)
1244 3691 1280 3744 de
1302 3691 1394 3745 »Alli«
1414 3689 1582 3744 calamitate

304 3762 432 3831 protulit¹
471 3763 499 3816 ls
527 3761 605 3817 enim
634 3763 777 3817 unitatem
803 3763 941 3818 carminis
967 3764 1155 3818 observando
1175 3762 1370 3832 proficiscitur
1389 3779 1407 3815 a
1426 3778 1516 3816 versu
1535 3760 1584 3814 illo

304 3831 473 3887 difficillimo
488 3835 573 3902 157l8,
594 3851 681 3904 quem
702 3834 743 3888 ita
763 3835 946 3890 emendavit:

412 3932 456 3976 »et
476 3923 581 3976 domus
600 3923 674 3992 ipsa,
694 3923 723 3977 in
743 3940 801 3992 qua
820 3923 952 3993 lusimus,
971 3934 1000 3978 et
1020 3923 1147 3988 domina,

412 3994 518 4064 etqui,
538 4011 627 4064 quain
647 3994 743 4064 primo
762 3995 848 4049 nobis
868 4004 978 4050 terram
998 3995 1086 4058 dedit,
1106 3993 1202 4049 aufert
1221 4023 1254 4031 —
1276 3994 1303 4046 A
1324 4010 1382 4063 quo
1403 4034 1408 4046 .
1429 4029 1436 4042 .
1456 4000 1528 4045 etc«

305 4081 394 4136 Hisce
414 4083 514 4137 verbis
533 4084 595 4138 vult
614 4082 736 4138 indicari
756 4083 893 4138 dominae
912 4083 997 4151 iliius,
1017 4084 1096 4154 apud
1115 4101 1205 4154 quam
1219 4081 1351 4136 Catullus
1371 4090 1401 4136 et
1415 4079 1511 4137 Allius
1531 4095 1585 4132 sua

304 4154 429 4224 quisque
442 4155 537 4209 amica
550 4155 606 4210 srui
620 4155 658 4220 (v.
672 4157 721 4224 69:
743 4157 959 4222 »communesq
973 4156 1117 4224 solebant,
1137 4154 1275 4209 maritum
1289 4152 1368 4207 Allio
1387 4150 1585 4219 interdixisse,

303 4242 340 4278 ne
360 4225 389 4278 in
408 4224 537 4280 futurum
556 4227 686 4296 puellam
706 4243 791 4281 suam
810 4226 839 4280 in
858 4226 907 4281 illa
926 4228 1015 4280 domo
1035 4226 1215 4280 conveniret.
1254 4224 1328 4278 Eam
1347 4233 1446 4304 autem
1468 4225 1583 4277 obrem

306 4296 413 4350 Allium
429 4296 548 4352 tristitia
561 4298 705 4352 imbutum
719 4315 787 4352 esse
801 4296 1001 4364 (v.1—1o).—
1016 4297 1076 4352 Sed
1090 4299 1165 4352 hanc
1179 4295 1357 4352 sententiam
1371 4293 1585 4348 debilissimam

304 4384 371 4421 esse
397 4378 536 4449 apparet,
565 4369 675 4440 quippe
704 4386 781 4438 quae
810 4379 839 4423 et
864 4369 977 4424 unitate
1002 4386 1042 4423 cs.
1063 4369 1184 4424 LXVlll
1211 4367 1341 4436 pendeat
1367 4375 1397 4421 et
1416 4365 1585 4419 coniectura

303 4438 392 4492 dubia
418 4448 535 4494 nitatur.
574 4439 634 4495 Cur
662 4439 751 4495 etiam
773 4439 904 4494 Catullus
932 4440 1013 4495 illum
1039 4441 1178 4494 maritum
1205 4438 1355 4506 ingratum
1380 4437 1496 4491 felicem
1516 4450 1584 4489 esse

303 4509 471 4578 cupiverit?
509 4511 596 4580 Quod
615 4512 656 4566 ita
675 4512 828 4567 declarare
847 4511 959 4566 studuit
977 4511 1239 4576 SchmidtiuS,
1260 4518 1291 4563 ut
1310 4509 1421 4563 diceret
1436 4505 1583 4562 Catullum

303 4580 427 4636 scivisse
449 4582 601 4636 »dominae
620 4583 775 4652 coniugem
793 4583 972 4639 necessitate
986 4593 1120 4638 coactum
1133 4599 1209 4646 esse,
1229 4597 1267 4634 ne
1280 4597 1369 4650 porro
1384 4586 1586 4659 commeatum

302 4652 467 4708 amantium
491 4654 702 4722 permitteret«.
742 4654 819 4710 Num
845 4654 920 4710 levis
945 4654 1044 4722 opinio
1065 4656 1158 4709 altera
1177 4651 1318 4722 opinione
1337 4650 1395 4706 levi
1416 4648 1585 4704 stabilitur?
