3656 5332
702 579 834 646 -.45
879 595 922 607 ..

173 756 336 825 »Veneris
361 755 587 823 muneratibi
611 755 781 843 praebere
805 775 941 840 nequeo
966 758 1010 836 (v.
1028 754 1086 841 32)
1095 775 1103 832 ;
1129 751 1245 838 [etiam
1270 753 1450 821 Musarum

173 868 318 914 munera
353 844 443 912 malo
480 845 556 913 loco
592 846 683 929 sunt]
693 866 701 922 ;
738 865 830 909 111111
867 841 981 929 quod
1017 863 1129 930 pauca
1160 853 1292 908 tantum
1324 841 1457 931 scripta·

173 957 308 1002 mecum
343 933 508 1001 fer0...«.
572 931 852 1019 Haudquaquam
893 946 1009 999 autem
1048 951 1194 998 necesse
1230 943 1298 1014 est,
1341 943 1379 998 ut
1418 931 1451 998 in

174 1021 463 1113 praecedentibus
487 1021 605 1090 verbis
635 1021 951 1089 >›baec..munera<‹
982 1023 1027 1105 (v.
1053 1028 1107 1107 32)
1139 1032 1279 1108 praeter
1306 1018 1453 1088 Veneris

173 1113 275 1180 etiarn
293 1110 471 1178 Musarum
497 1133 641 1178 munera
657 1110 917 1196 subaudiantur,
943 1108 1036 1198 quod
1053 1109 1239 1175 voluerunt
1254 1107 1303 1175 W
1315 1107 1467 1177 eisius¹

175 1205 238 1291 (pr.
267 1201 352 1288 1869
381 1222 414 1288 p.
442 1201 494 1286 14)
528 1198 788 1286 Birtiusque
820 1201 865 1288 (p.
894 1201 957 1286 13).
1004 1197 1092 1264 Illud
1125 1220 1234 1264 »nam«
1264 1197 1354 1264 enim
1383 1220 1451 1264 non

174 1291 217 1358 ad
241 1289 351 1378 ipsius
374 1310 499 1356 versus
522 1311 565 1377 32
596 1301 803 1377 argumenta
828 1300 862 1355 et
885 1289 994 1354 verba
1024 1298 1176 1375 spectat,
1207 1286 1286 1354 sed.
1302 1286 1347 1354 ad
1378 1309 1451 1354 sen·

175 1379 316 1448 tentiam
340 1378 419 1446 inde
444 1389 554 1445 ortam
586 1381 758 1466 taciteque
781 1376 1005 1444 interiectam.
1053 1374 1173 1444 Simile
1197 1388 1311 1444 autern
1338 1398 1453 1444 exem-

175 1468 269 1558 plum
293 1467 386 1555 apud
411 1464 577 1534 Ovidium
605 1465 778 1555 reperitur
808 1466 841 1532 in
872 1466 955 1533 Met.
987 1463 1166 1553 Vllll531‚
1197 1463 1256 1532 ubi
1281 1464 1453 1552 Meleagri

175 1555 328 1647 parentis
352 1555 465 1623 luctus
490 1556 534 1623 de
557 1554 616 1622 filii
641 1567 752 1622 morte
775 1554 825 1622 sic
850 1553 1066 1644 depingitur:

334 1644 500 1711 »Pulvere
524 1643 682 1712 canitiem
706 1643 845 1731 genitor
868 1644 1055 1732 vultusque
1080 1640 1208 1711 seniles

335 1732 469 1800 Foedat
493 1733 586 1800 humi
609 1734 717 1816 fusus
741 1732 1006 1821 spatiosumque
1030 1732 1186 1819 increpat
1210 1753 1346 1799 aevum.

336 1822 439 1890 Nam
465 1823 508 1890 de
533 1836 643 1889 matre
667 1845 789 1889 manus
813 1821 877 1889 diri
901 1822 965 1890 sibi
991 1821 1128 1890 conscia
1151 1819 1230 1888 facti

336 1910 464 1997 Exegit
488 1933 620 2000 poenas
645 1905 723 1979 acto
746 1934 810 2000 per
834 1911 969 1979 viscera
992 1911 1108 1978 ferro«.

176 2000 243 2068 Hic
260 2000 360 2082 enim,
386 2013 570 2089 postquam
587 2000 696 2089 patris
713 2000 813 2068 dolor
829 2011 996 2067 tractatus
1014 2011 1076 2082 est,
1095 1999 1215 2067 matris
1232 1998 1454 2068 condiciones

177 2089 404 2175 disseruntur,
430 2111 520 2177 quae
543 2111 641 2178 para,
674 2111 752 2157 cum
784 2089 965 2178 superiore
998 2089 1093 2156 nullo
1124 2090 1228 2156 modo
1261 2087 1453 2174 coniuncta,

176 2179 301 2246 vocula
323 2201 431 2244 »nam«
455 2178 499 2246 ad
523 2177 728 2246 sententiam
746 2178 949 2245 taciturnam
967 2179 1131 2246 refertur:
1156 2177 1217 2245 »ita
1233 2188 1334 2267 pater
1342 2201 1350 2261 ;
1378 2178 1454 2264 [sed

178 2267 280 2335 etiam
314 2281 425 2334 mater
455 2265 515 2334 filii
546 2280 658 2334 morte
688 2290 756 2334 non
786 2266 910 2354 gavisa
941 2268 1025 2355 est];
1058 2289 1165 2335 nam.
1191 2322 1197 2334 .
1224 2287 1256 2335 .«.
1305 2264 1358 2334 Cf.
1385 2263 1452 2334 Ov.

176 2356 258 2424 Met.
286 2355 414 2444 Vllapo
437 2360 535 2443 sq.1).

285 2443 380 2530 Quid
404 2458 519 2513 autem
546 2443 707 2512 Catullus
729 2443 763 2511 in
793 2469 848 2512 vv.
874 2446 1008 2533 33-36
1038 2446 1081 2512 de
1112 2445 1306 2513 »Musarum
1339 2466 1454 2510 mune-

178 2533 289 2601 ribus«
313 2532 572 2623 pronuntiavit?
619 2533 741 2615 Dolet,
774 2535 867 2622 quod
899 2557 1010 2623 pauca
1040 2535 1143 2602 modo
1176 2534 1305 2636 scripta
1336 2555 1455 2600 secum

177 2624 314 2705 habeat,
339 2645 415 2690 curn
441 2635 578 2691 suetum
602 2623 711 2712 ipsius
734 2622 943 2691 domicilium
967 2623 1103 2712 Romae
1125 2623 1180 2692 sit.
1205 2623 1346 2691 Minime
1367 2645 1456 2711 ergo

178 2711 242 2779 sibi
277 2712 391 2798 nulla
426 2712 555 2801 scripta
585 2725 727 2801 praesto
756 2734 835 2780 esse
867 2712 1032 2798 dicit-(cs.
1056 2712 1297 2799 Kiessling.
1336 2734 1369 2800 p.
1405 2732 1455 2800 15,

177 2799 476 2868 Hoerschelm.
501 2823 535 2889 p.
562 2804 626 2886 14).
673 2801 792 2891 Atque
813 2799 887 2868 fieri
910 2824 978 2868 non
1003 2815 1127 2890 potest,
1154 2802 1244 2890 quin,
1270 2823 1348 2868 cum
1373 2799 1456 2867 nihil

178 2889 270 2956 aliud
294 2886 441 2974 legatur,
468 2887 654 2971 Catullum,
680 2901 845 2976 quantum
869 2889 989 2957 habuit
1013 2890 1232 2980 scriptorum,
1256 2889 1276 2958 i.
1295 2913 1325 2958 e.
1350 2905 1454 2956 unam

177 2977 270 3045 illam
295 2977 489 3066 capsulam,
521 2978 632 3045 amico
655 3000 694 3045 re
717 3001 801 3045 vera
826 2977 988 3046 tribuisse
1020 2981 1214 3047 credamus,
1263 2977 1329 3047 Cui
1354 2977 1460 3045 sko-2

179 3065 348 3134 tschius
370 3073 415 3155 (p.
436 3067 548 3154 148)9)
566 3066 728 3167 opposuit
745 3080 989 3155 argumentum
1011 3091 1115 3136 unam
1140 3068 1318 3158 capsulam
1338 3065 1457 3135 Catul-

179 3155 249 3222 lum
274 3156 409 3223 mittere
433 3178 501 3223 non
526 3169 692 3245 potuisse,
718 3179 795 3224 cum
820 3173 862 3225 ea
885 3157 1004 3246 utique
1027 3158 1092 3247 ipsi
1116 3181 1206 3247 opus
1230 3169 1334 3226 esset.
1382 3153 1455 3224 Sed

179 3245 270 3313 unde
302 3246 369 3312 hoc
393 3258 608 3334 compertum
625 3247 753 3313 habeat
769 3244 1040 3315 Skutschius
1064 3248 1198 3330 nesci0,
1224 3245 1304 3334 quia
1327 3245 1361 3313 in
1384 3268 1457 3312 car·

179 3333 270 3400 mine
287 3332 432 3400 LXVlll
457 3335 532 3422 ipso
549 3335 627 3402 talis
643 3335 812 3402 sententia
829 3357 897 3402 non
913 3335 1091 3403 indicatur.
1139 3335 1251 3403 Etiam
1269 3335 1380 3402 altera
1397 3335 1454 3401 ob-

179 3420 297 3489 iectio:
322 3444 423 3488 unam
442 3423 619 3510 capsulam
637 3423 744 3508 longo
761 3423 860 3489 amici
877 3423 1045 3490 insomnio
1059 3423 1266 3490 delectando
1282 3445 1350 3489 non
1372 3422 1458 3490 satis

178 3510 294 3592 fuisse,
312 3509 441 3578 minimi
458 3522 520 3578 est.
557 3510 646 3578 Nam
664 3523 779 3600 poeta,
797 3511 861 3579 etsi
878 3533 947 3578 non
964 3511 1070 3580 multa
1088 3511 1199 3579 amico
1216 3511 1340 3579 infelici
1358 3532 1455 3598 prae·

181 3600 263 3666 bere
280 3597 400 3688 potuit,
419 3611 544 3680 tamen,
562 3612 727 3687 quantum
745 3599 865 3689 potuit,
891 3600 923 3669 ei
938 3601 1024 3669 dare
1041 3601 1202 3683 debebat,
1227 3612 1294 3683 aut,
1321 3623 1382 3667 cur
1399 3599 1457 3666 illa

180 3710 291 3776 pauca
314 3709 454 3775 quoque
478 3689 689 3777 negavisset,
715 3689 903 3758 declarare.
950 3690 1029 3758 Hoc
1046 3703 1161 3758 autem
1179 3713 1246 3758 non
1262 3689 1364 3769 fecit,
1379 3709 1455 3755 cum

180 3775 226 3843 nil
250 3775 314 3844 nisi
339 3777 432 3862 quod
456 3777 521 3844 sibi
546 3800 612 3844 non
638 3777 771 3846 multa
800 3778 928 3868 scripta
958 3792 1077 3847 essent
1106 3779 1288 3868 proferret.
1335 3781 1458 3864 Itaque

180 3887 236 3934 vv.
253 3866 387 3954 33-36
403 3866 447 3932 ad
463 3889 643 3933 munerum
668 3866 963 3953 exiguitatem
988 3869 1163 3956 pertinere
1186 3867 1267 3936 mihi
1285 3867 1456 3935 videntur.

181 3952 219 4022 Si
243 3977 332 4023 vero
358 3953 518 4023 Catullus
543 3954 644 4022 etiam
670 3977 783 4039 unam,
808 3978 912 4043 quarn
936 3957 1154 4045 possidebat,
1180 3958 1376 4047 capsulam,
1403 3954 1459 4022 tri-

180 4043 289 4112 buere
312 4044 435 4128 noluit,
468 4043 517 4128 id,-
551 4057 735 4133 postquam
759 4044 853 4111 illam
878 4045 1004 4114 adesse
1027 4046 1195 4135 prodidit,
1227 4046 1317 4134 aptis
1342 4043 1456 4112 causis

181 4154 350 4201 excusare
374 4134 502 4202 debuit.
551 4133 672 4219 Quare
696 4133 973 4203 concludendum
997 4147 1052 4203 est
1074 4148 1214 4224 poetam
1239 4134 1351 4202 amico
1382 4155 1457 4222 par-

180 4242 260 4288 vam
285 4221 419 4310 copiam
444 4223 666 4312 scriptorum,
695 4245 800 4310 quam
820 4223 985 4303 habebat,
1017 4224 1209 4293 dedisse.
1257 4223 1309 4290 Illi
1340 4234 1456 4290 autem

181 4309 331 4409 opinioni
355 4309 459 4378 etiam
481 4334 640 4379 »munera
656 4311 851 4380 Musarum«
873 4312 993 4381 Mallio
1016 4313 1155 4381 omnino
1172 4313 1348 4399 denegata
1365 4333 1456 4394 esse,

181 4398 329 4486 srmplex
353 4401 547 4486 verborum
564 4400 802 4489 interpretatio
827 4401 941 4471 officit.
971 4442 1005 4452 —
1034 4401 1156 4488 Quae
1180 4413 1297 4469 autem
1328 4399 1459 4489 scripta

181 4545 394 4556 ——..—

291 4613 310 4684 1)
331 4614 421 4670 Hisce
440 4614 585 4685 exemplis
605 4614 642 4669 H.
657 4615 780 4670 Monsi
800 4616 838 4686 (p.
854 4615 1337 4688 1617)10111111111111111111111110111
1356 4629 1460 4686 super·

181 4703 306 4743 vacuam
325 4704 394 4743 esse
413 4687 642 4741 demonstratur.
1093 4725 1095 4728 -
