3656 5332
873 439 1002 570 -142
1048 523 1091 533 ..-

339 678 547 746 mitteret.
596 677 696 747 Hanc
720 691 835 746 autem
853 677 1059 747 sententiam
1076 679 1431 747 monstruosissimam
1454 699 1533 746 esse
1551 677 1618 746 iam

340 765 485 835 indicavi
516 769 563 856 (p.
587 772 654 854 32).
703 765 770 836 Cui
800 768 903 836 etiam
936 768 1185 852 grammaticae
1225 781 1260 836 et
1292 767 1428 856 logicae
1464 766 1618 836 rationes

342 859 500 925 obstant.
538 854 744 944 Sonnyus
775 856 865 924 enim
897 856 942 939 tin
971 855 1113 925 »Wocb
1136 856 1158 925 f.
1183 857 1228 924 kl.
1253 856 1438 935 Ph.«,V111
1469 879 1502 945 p.
1526 857 1620 945 53s4)

341 944 592 1013 demonstravit
616 945 890 1013 coniunctionem
915 945 1080 1014 orationis
1095 946 1257 1036 obliquae
1274 959 1310 1014 et
1324 958 1452 1025 rectae,
1477 945 1617 1033 qualem

342 1033 510 1102 Birtius
533 1034 783 1123 proposuisset,
810 1057 886 1102 cum
911 1034 1103 1103 orationem
1128 1047 1260 1103 rectam
1284 1035 1317 1102 in
1342 1033 1518 1102 enuntiato
1543 1057 1620 1102 cau-

341 1123 415 1206 sali,
442 1123 535 1212 quod
560 1124 603 1191 ab
628 1146 743 1192 accus.
768 1147 844 1191 cum
870 1123 925 1193 inf.
951 1124 1129 1212 penderet,
1155 1136 1309 1193 statuere
1326 1122 1442 1205 vellet,
1468 1123 1619 1191 sermoni

341 1211 465 1280 Latino
499 1211 637 1280 minime
669 1212 895 1301 respondere.
952 1212 1074 1295 Adde,
1117 1213 1209 1302 quod
1243 1213 1297 1296 (cf.
1332 1210 1619 1280 Skutschium

341 1324 374 1390 p.
402 1302 477 1388 146)
503 1301 621 1369 verbis
645 1300 821 1370 »Veronae
846 1313 946 1390 turpe
970 1313 1038 1369 est«
1066 1324 1133 1368 non
1163 1301 1255 1369 idem
1286 1300 1474 1389 significari
1504 1313 1621 1390 potest

342 1402 447 1479 atque
476 1388 654 1458 »Veronae
687 1390 818 1458 crimini
849 1391 974 1459 datur«.
1028 1391 1118 1458 Nam
1151 1413 1223 1459 »res
1254 1413 1317 1480 per
1347 1413 1387 1458 se
1417 1389 1529 1479 ipsam
1561 1402 1620 1458 aut

342 1479 453 1569 turpis
476 1492 535 1547 aut
559 1479 706 1547 honesta
724 1478 863 1562 dicitur;
888 1481 954 1548 hoc
971 1492 1086 1547 autem
1103 1481 1360 1569 pronuntiatum
1386 1502 1492 1547 casu
1509 1479 1620 1547 loca·

342 1569 433 1637 tivo
458 1568 566 1636 artius
590 1568 636 1636 ita
660 1568 895 1637 circumscribi
925 1591 994 1635 non
1047 1581 1155 1649 otest,
1191 1581 1229 1636 ut
1259 1567 1389 1656 aliquid
1420 1567 1475 1636 hic
1506 1580 1619 1657 turpe,

341 1657 410 1726 illic
434 1658 599 1725 decorum
624 1679 705 1725 esse
736 1658 919 1725 videatur«.
951 1698 994 1706 —
1023 1591 1097 1726 bed
1126 1657 1274 1746 plurima
1306 1657 1477 1726 adversus
1509 1656 1620 1725 Birti

341 1746 539 1836 opinionem
555 1745 599 1814 de
616 1746 857 1815 domiciliis
874 1745 969 1815 Malli
993 1759 1028 1814 et
1045 1745 1171 1816 Catulli
1189 1746 1305 1815 afferri
1322 1759 1479 1837 possunt.
1527 1744 1618 1814 Nam

341 1837 370 1905 si
388 1836 548 1906 Veronae
572 1834 751 1904 habitabat
766 1835 914 1918 Mallius,
933 1834 990 1925 qui
1007 1836 1038 1903 ei
1054 1836 1253 1922 ignotum
1269 1858 1349 1904 esse
1365 1837 1475 1935 potuit
1491 1847 1617 1924 poetae

341 1925 482 1993 fratrem
506 1924 578 1992 vita
601 1924 808 2008 decessisse,
834 1947 911 1994 cum
937 1924 1047 2015 patria
1066 1923 1193 1993 Catulli
1218 1926 1344 1993 domus
1363 1948 1396 1991 m
1413 1924 1471 1992 illo
1488 1925 1616 2013 oppido

343 2015 463 2082 esset?
509 2012 697 2098 Quomodo
718 2014 843 2082 deinde
862 2013 1022 2083 Catullus
1038 2013 1133 2082 Malli
1152 2012 1425 2082 Veronensis
1441 2012 1620 2103 »hospitio«

342 2102 391 2171 uti
415 2124 562 2170 necesse
586 2103 715 2188 habuit,
741 2116 778 2171 ut
798 2102 966 2171 Birtius
991 2108 1036 2192 (p.
1057 2107 1110 2186 12)
1134 2103 1303 2192 putabat?
1349 2102 1539 2170 Praeterea
1562 2101 1619 2169 ille

344 2216 363 2260 e
387 2191 468 2259 villa
491 2190 675 2259 Tiburtina
699 2191 865 2280 plurimas
893 2191 1028 2281 puellas
1053 2191 1228 2260 Veronam
1260 2190 1414 2274 mittere,
1471 2203 1532 2259 uot
1556 2188 1621 2257 Ca·

342 2282 464 2350 tullum
489 2303 534 2347 ex
558 2282 645 2348 urbe
669 2280 783 2349 Roma
807 2280 887 2349 illuc
911 2293 1149 2370 transportare
1180 2280 1319 2349 solitum
1348 2303 1428 2349 esse
1490 2279 1621 2348 irtius

343 2369 461 2452 voluit,
497 2368 634 2436 minime
666 2368 787 2458 potuit.
836 2369 911 2438 Cur
943 2383 1074 2456 autem,
1111 2371 1139 2438 si
1172 2372 1218 2438 ob
1250 2371 1316 2438 hoc
1349 2370 1463 2459 ipsum
1498 2368 1618 2437 Mallio

343 2458 676 2545 Veronensibusque
709 2458 857 2526 officium
891 2468 1073 2547 praestare
1106 2459 1274 2548 nequivit,
1314 2482 1380 2526 non
1419 2457 1619 2547 simpliciter

343 2546 552 2615 domicilium
577 2559 744 2615 mutatum
769 2547 802 2614 in
827 2549 1085 2616 excusationem
1111 2547 1252 2637 protulit
1276 2559 1390 2637 poeta,
1416 2547 1479 2616 sed
1503 2547 1618 2614 fratris

344 2636 516 2736 mortem?
561 2634 660 2704 Haec
684 2650 768 2725 puto
793 2649 1000 2723 argumenta
1017 2637 1060 2704 ad
1077 2637 1278 2705 refutandas
1296 2634 1425 2705 Birtii
1441 2635 1622 2725 opiniones

344 2738 429 2794 satis
453 2747 543 2792 esse.
567 2765 610 2772 -

452 2812 610 2882 Breviter
635 2813 678 2880 de
702 2813 880 2898 Jowetti
905 2813 1188 2904 interpretatione
1210 2814 1388 2882 locuturus
1405 2836 1492 2893 sum,
1518 2836 1621 2902 quam

343 2901 532 2970 Ellisius
555 2902 601 2989 (in
619 2924 741 2968 comm.
767 2902 809 2968 ad
836 2927 866 2970 v.
891 2925 933 2990 27
959 2916 993 2971 et
1016 2902 1049 2970 in
1074 2903 1266 2993 appendice
1290 2927 1321 2992 p.
1348 2905 1425 2991 344)
1451 2902 1618 2991 vulgavit.

343 2991 580 3076 J0wettius
611 2990 701 3058 enim
733 2989 887 3058 Mallium
925 2991 1044 3059 baiis
1073 2993 1181 3060 luisse
1216 3015 1237 3059 o
1265 2992 1362 3060 inans
1398 2992 1447 3060 sic
1482 2992 1527 3059 de
1562 2991 1621 3059 illo

344 3082 422 3147 loco
453 3079 632 3148 disseruit:
667 3079 712 3147 »lt
747 3078 776 3146 is
807 3079 1016 3166 disgraceful
1052 3093 1087 3148 to
1114 3104 1194 3168 you,
1231 3016 1401 3162 &tullus
1437 3094 1472 3149 to
1508 3082 1551 3149 be
1588 3093 1622 3148 at

346 3168 502 3249 Verona,
538 3170 689 3236 because
726 3169 932 3257 everybody
969 3169 1008 3236 of
1038 3192 1107 3259 any
1141 3169 1276 3238 fashion
1314 3172 1378 3238 has
1415 3172 1504 3238 been
1535 3169 1620 3237 here

346 3262 393 3339 (at
415 3257 533 3346 Rajae)
558 3257 681 3344 giving
705 3280 751 3345 up
776 3256 830 3346 liis
855 3259 922 3326 bed
947 3258 1014 3325 and
1039 3259 1210 3348 warming
1233 3259 1287 3327 his
1311 3258 1416 3346 chilly
1440 3258 1542 3326 limbs
1567 3258 1621 3344 (in

345 3369 365 3414 a
389 3347 462 3414 hot
486 3347 633 3433 batb)<‹!
683 3344 815 3414 Contra
839 3370 941 3434 quam
966 3346 1161 3436 opinionem
1182 3347 1329 3437 primum
1352 3348 1540 3415 notandum
1558 3359 1619 3430 est,

345 3436 438 3523 quod
463 3436 649 3504 sententia:
682 3435 880 3522 elegantem
904 3435 1065 3504 iuvenem
1093 3435 1222 3505 Catulli
1252 3436 1359 3505 instar
1388 3437 1514 3505 decere
1539 3449 1621 3504 tem·

371 3525 481 3592 estive
505 3525 538 3592 in
563 3525 665 3593 claris
690 3523 851 3592 Baiarum
875 3526 974 3613 aquis
999 3525 1181 3606 delectari,
1214 3525 1337 3593 mirum
1368 3525 1400 3593 in
1433 3527 1574 3593 modum
1598 3548 1618 3592 a

345 3548 464 3682 litallio
502 3636 672 3680 conversa
711 3625 821 3694 esset,
867 3614 896 3681 si
934 3613 1081 3682 diceret:
1126 3613 1287 3682 Veronae
1327 3614 1459 3682 versari
1497 3627 1622 3704 poetae

346 3715 447 3790 turpe
471 3724 568 3781 esse,
600 3703 692 3791 quod
722 3702 778 3770 alii
808 3702 942 3770 nobiles
973 3702 1143 3791 frigore
1175 3704 1284 3771 coacti
1316 3716 1434 3771 essent
1465 3706 1620 3771 membra

346 3790 613 3879 tepefacere.
662 3790 771 3858 Porro
796 3814 863 3858 non
888 3791 1065 3878 intellego,
1090 3793 1265 3880 quomodo
1291 3792 1394 3876 Baiis,
1419 3793 1452 3860 in
1476 3792 1620 3879 regione

344 3879 488 3962 fervida,
514 3879 713 3947 cuiusvis
738 3882 903 3961 membra,
931 3882 1138 3970 praesertim
1163 3903 1240 3948 cum
1264 3882 1391 3949 lectum
1417 3881 1619 3963 deseruerit,

346 3982 415 4037 tam
438 3968 564 4055 frigida
589 3991 668 4036 esse
684 3970 867 4057 potuerint,
894 3984 931 4036 ut
947 3993 988 4037 ea
1005 3970 1125 4038 calidis
1142 3970 1241 4058 aquis
1256 3970 1388 4059 »tepida
1405 3971 1456 4057 (l)<‹
1471 3970 1621 4038 reddere

332 4062 435 4147 ‘opus
452 4070 556 4126 esset.
598 4055 763 4125 Ceterum
781 4058 983 4126 Baiarum
1001 4058 1165 4144 cogitatio
1185 4058 1261 4158 ipsa
1277 4059 1444 4143 memoria
1460 4059 1622 4128 Lesbiae-

347 4146 504 4229 Clodiae,
530 4169 633 4235 quam
658 4169 765 4235 saepe
789 4147 834 4215 ibi
858 4159 1032 4214 versatam
1059 4170 1138 4215 esse
1162 4169 1308 4234 scimus,
1340 4161 1416 4216 orta
1441 4162 1502 4217 est.
1550 4147 1622 4216 Sed

346 4235 496 4304 Lesbiae
520 4235 552 4302 in
577 4258 634 4303 vv.
662 4257 769 4321 1-40
800 4235 961 4303 carminis
988 4233 1136 4303 LXVlll
1167 4259 1210 4304 ne
1241 4259 1310 4305 uno
1340 4236 1482 4326 quidem
1513 4239 1623 4306 verbo

346 4324 475 4392 mentio
487 4325 576 4392 facta
589 4337 652 4393 est.
671 4367 705 4374 -
722 4323 1015 4392 Mirabilissimum
1032 4325 1212 4417 Jowetti
1230 4325 1445 4416 propositum
1460 4326 1622 4414 exemplo

346 4426 409 4495 est,
435 4427 518 4502 quot
542 4426 577 4481 et
601 4435 704 4502 quam
729 4413 862 4481 alienae
886 4415 1078 4482 sententiae
1109 4438 1172 4503 per
1196 4414 1459 4502 imaginationes
1491 4416 1522 4482 in
1553 4438 1624 4482 car·

347 4523 426 4602 men
449 4500 594 4570 LXVlll
618 4501 734 4601 inferri
758 4503 909 4591 possint,
942 4502 1005 4570 nisi
1030 4503 1303 4592 uniuscuiusque
1328 4505 1424 4573 vocis
1448 4503 1623 4572 notionem

346 4604 486 4679 penitus
508 4613 709 4679 perspicias
744 4631 771 4640 -
