3656 5332
729 525 945 590 ..47-

192 725 300 790 quae
330 700 451 768 etiam
486 719 683 786 pangere
712 696 879 777 debuit,
912 707 1116 786 poemata
1140 716 1182 780 se¹
1203 695 1362 762 daturum
1388 719 1468 764 esse

193 812 358 876 negare
393 788 563 855 dicentem
599 785 664 854 sibi
700 785 806 854 libros
842 787 884 853 ad
921 808 1011 874 opus
1043 783 1281 851 doctissimum
1306 783 1468 852 Veronae

192 879 327 947 deesse.
375 875 529 943 Mallium
555 874 645 942 enim
678 898 745 942 non
770 875 874 942 modo
899 873 1049 942 lascivos
1075 894 1199 940 versus
1230 872 1374 955 amoris,
1406 875 1468 941 sed

193 968 296 1035 etiam
332 978 369 1033 ut
403 977 508 1054 poeta
543 965 730 1032 tenebrosa
753 964 898 1053 epyllia
942 962 1006 1031 sibi
1049 973 1274 1050 componeret
1309 963 1418 1039 (velut
1452 986 1471 1030 e

192 1055 340 1124 Graecis
374 1053 583 1122 carminibus
619 1076 663 1126 ex
690 1067 802 1127 ressa)
843 1068 984 1142 optasse
1031 1050 1232 1118 incredibile
1271 1050 1352 1118 mihi
1394 1073 1472 1119 esse

193 1145 331 1213 videtur
354 1143 406 1223 (cf.
432 1167 465 1232 p.
490 1148 613 1230 30l31).
662 1076 751 1209 llam
777 1155 871 1210 certe
891 1140 1050 1219 Mallius,
1084 1139 1111 1207 si
1145 1162 1231 1207 vere
1263 1139 1310 1207 ita
1343 1162 1383 1207 se
1414 1163 1474 1208 res

194 1232 383 1318 habuisset,
408 1253 528 1299 eorum
553 1231 732 1298 dumtaxat
756 1230 978 1319 scriptorum,
1013 1251 1103 1318 quae
1137 1227 1182 1296 illi
1216 1226 1273 1296 uni
1307 1229 1473 1318 capsulae

195 1321 344 1402 inerant,
384 1319 556 1409 poeticam
595 1318 854 1388 translationem
895 1319 950 1386 vel
976 1317 1228 1387 tractationem
1266 1331 1474 1407 exspectare

220 1410 314 1478 otuit.
344 1451 378 1458 -
409 1408 547 1494 Quibus
562 1408 723 1476 omnibus
740 1406 967 1476 consideratis
991 1432 1047 1475 vu.
1065 1407 1198 1495 33—36
1221 1408 1264 1474 ad
1281 1429 1473 1475 »munera

195 1434 431 1567 illusarum«
455 1497 629 1586 pertinere
653 1497 801 1566 obtineo,
850 1497 975 1586 Neque
999 1497 1137 1564 omnino
1155 1517 1203 1563 ‘ea
1227 1508 1331 1585 poeta
1355 1507 1471 1584 negat,

197 1589 259 1656 sed
292 1585 583 1673 exiguitatem
618 1599 782 1654 tantum
816 1608 983 1669 eorum,
1018 1607 1128 1673 quae
1159 1585 1381 1673 praebuit,
1418 1607 1474 1652 ex·

196 1690 303 1744 cusat.
1035 1685 1037 1690 ’
1123 1727 1127 1735 .

301 1764 379 1832 Hoc
403 1776 518 1832 autem
544 1764 632 1844 loco,
658 1764 722 1832 etsi
754 1763 966 1852 aliquantum
991 1787 1010 1831 a
1035 1762 1214 1851 proposita
1245 1785 1360 1830 rerum
1389 1775 1474 1830 trac·

196 1853 377 1921 tandarum
401 1852 493 1921 serie
518 1853 680 1933 declinat,
710 1853 949 1940 quaestionem
974 1853 1075 1921 liceat
1107 1852 1277 1931 inserere,
1312 1851 1471 1919 ubinam

196 1954 284 2021 tum,
318 1964 395 2010 cum
421 1941 580 2009 carminis
605 1940 751 2009 LXVIII
777 1965 832 2008 vv.
860 1965 967 2030 1-40
991 1939 1109 2030 scripti
1137 1953 1227 2023 sunt,
1255 1939 1415 2009 Catullus
1439 1953 1474 2008 et

198 2031 335 2097 Mallius
360 2030 518 2097 morati
550 2017 662 2098 sint*
694 2029 792 2097 Illum
827 2030 967 2119 quidem
991 2029 1196 2098 Veronae
1226 2029 1332 2096 fuisse
1356 2052 1376 2096 e
1401 2051 1474 2096 ver·

198 2117 295 2186 sibus
324 2141 366 2206 27
391 2141 467 2207 sqq.
503 2118 664 2186 facillime
700 2120 864 2205 cognosci
900 2131 1016 2209 potest
1039 2119 1092 2205 (cl.
1118 2117 1157 2186 B.
1182 2116 1476 2187 Schmidtium

198 2208 297 2297 proll.
322 2231 355 2296 p.
380 2206 524 2293 XXIV).
572 2206 645 2276 Cur
661 2220 776 2275 autem
795 2231 815 2275 a
831 2207 990 2276 sollemni
1007 2207 1189 2288 domicilio,
1215 2206 1327 2274 Roma
1345 2214 1390 2286 (v.
1408 2209 1475 2295 34),

198 2319 231 2362 m
264 2296 409 2396 patriam
441 2296 642 2381 reverterit,
677 2297 777 2364 nobis
813 2297 970 2384 ignotum
1003 2309 1073 2376 est;
1109 2297 1172 2364 sed
1206 2295 1358 2385 opineris
1386 2297 1476 2363 hunc

198 2387 347 2452 reditum
382 2385 425 2452 ad
458 2385 572 2453 sratris
606 2399 751 2455 mortem
786 2386 1004 2454 referendum
1038 2408 1117 2455 esse
1151 2385 1211 2471 (ita
1235 2384 1392 2475 Haupt.
1422 2408 1477 2474 ap.

199 2473 297 2563 Belg.
323 2497 355 2563 p.
381 2475 500 2562 246s7;
530 2473 570 2554 B.
597 2472 805 2543 Schmidt.
830 2499 862 2565 p.
887 2473 955 2556 XI;
990 2475 1198 2544 Ribbeck.
1223 2472 1333 2542 »Cat«
1365 2498 1397 2563 p.
1423 2495 1475 2563 35,

223 2564 255 2630 ui
296 2560 519 2632 Schwabii
560 2562 825 2651 imaginationes
872 2565 914 2632 de
953 2563 1127 2633 discordia
1174 2563 1262 2630 inter
1302 2563 1478 2632 Catullum

199 2587 438 2741 lesbiamque
462 2666 538 2720 orta
562 2654 652 2721 bene
676 2653 816 2734 refellit;
842 2653 882 2722 cf.
908 2653 1012 2721 etiam
1036 2653 1096 2722 »G.
1122 2653 1153 2720 d.
1174 2675 1200 2720 r.
1220 2651 1278 2718 D.«
1302 2652 1316 2719 l
1340 2675 1372 2741 p.
1398 2673 1477 2740 3²⁰3

199 2740 403 2808 Monsius
426 2764 460 2829 p.
488 2744 551 2826 14).
599 2740 664 2808 Ubi
690 2755 815 2822 autem,
842 2765 985 2831 quaeso,
1009 2741 1189 2808 Mallius
1214 2753 1285 2807 tum
1318 2753 1479 2808 versatus

200 2830 278 2896 est?
323 2829 486 2897 Veronae
510 2829 617 2910 enim,
651 2830 745 2917 quod
770 2829 1006 2898 Ramlerus
1031 2837 1076 2919 (p.
1102 2840 1179 2917 314)
1212 2829 1364 2918 putavit,
1399 2850 1478 2896 eum

200 2940 267 2985 non
300 2918 408 2986 luisse
433 2940 452 2985 e
476 2918 638 2986 carminis
668 2919 884 3004 argumentis
910 2959 947 2966 -
975 2919 1070 2987 velut
1094 2941 1114 2985 e
1139 2930 1249 2986 morte
1273 2917 1389 2986 fratris
1414 2915 1478 2986 Ca-

198 3007 271 3074 tulli
295 3029 419 3074 recens
430 3011 452 3090 1)
470 3007 624 3074 nuntiato
655 3047 690 3055 -
715 3008 838 3076 elucet.
886 3006 984 3076 Multi
1009 3008 1148 3098 quidem
1174 3007 1254 3094 (iam
1283 3007 1363 3074 Vul
1379 3006 1479 3096 pius

200 3118 231 3184 p.
277 3096 436 3184 389l391)
484 3095 578 3163 illum
626 3095 761 3164 Romae
807 3097 1020 3165 habitavisse
1068 3097 1263 3165 voluerunt.
1333 3094 1481 3164 Constat

201 3197 315 3252 autem
335 3184 521 3266 Catullum,
546 3184 576 3252 si
600 3185 739 3253 Mallius
756 3185 789 3253 in
806 3187 892 3254 urbe
908 3187 1040 3268 luisset,
1066 3209 1133 3254 non
1151 3186 1243 3253 nude
1259 3185 1479 3274 scriptorum,

201 3296 291 3360 quae
316 3273 450 3340 Romae
474 3272 682 3361 reliquisset,
717 3274 865 3363 inopiam
891 3276 924 3342 in
950 3275 1209 3343 excusationem
1235 3273 1479 3354 adhibiturum.

200 3362 281 3442 sed,
315 3375 352 3429 ut
387 3361 518 3441 decuit,
555 3361 665 3429 amico
707 3362 926 3430 occasionem
967 3365 1127 3431 daturum
1169 3363 1293 3444 fuisse,
1334 3375 1370 3430 ut
1405 3363 1480 3451 ipse

200 3450 265 3518 sibi
289 3473 398 3539 opera
421 3448 578 3537 flagitata
602 3472 622 3517 e
647 3448 775 3517 Catulli
799 3449 1009 3520 bibliotheca
1034 3450 1192 3519 Romana
1223 3465 1401 3539 promeret
1424 3451 1479 3532 (cs.

200 3538 414 3606 Weisium
439 3562 489 3628 pr.
518 3540 603 3627 1869
626 3561 658 3627 p.
687 3545 750 3624 11).
799 3540 936 3608 Deinde
967 3540 1070 3608 etiam
1101 3551 1206 3629 poeta
1237 3562 1305 3607 non
1334 3561 1480 3607 necesse

201 3628 322 3697 habuit
356 3627 505 3695 amicum
543 3627 726 3696 certiorem
764 3629 896 3710 facere,
936 3652 975 3697 se
1011 3628 1146 3696 Romae
1185 3641 1321 3696 suetam
1360 3628 1479 3697 sedem

201 3719 332 3786 habere
355 3739 469 3804 neque
493 3738 615 3784 omnes
638 3740 696 3785 res
720 3740 803 3785 suas
827 3718 906 3786 inde
932 3717 1105 3787 Veronam
1137 3718 1371 3796 transtulisse,
1401 3717 1482 3806 quia

202 3805 259 3874 ille
295 3807 370 3896 ipse
405 3807 559 3873 urbanus
595 3829 637 3873 ea
672 3806 739 3873 iam
775 3806 865 3874 scire
901 3808 1021 3897 potuit.
1075 3807 1263 3875 Praeterea
1297 3809 1361 3874 hoc
1396 3829 1480 3875 casu

201 3896 317 3984 potius
346 3896 493 3964 voculae
517 3894 597 3962 »ista
622 3934 664 3944 -
688 3893 778 3962 istic«
809 3903 853 3973 (v.
880 3909 935 3985 35)
960 3918 1065 3986 quam
1090 3895 1162 3964 »illa
1191 3938 1225 3945 -
1253 3895 1335 3963 illic«
1366 3896 1479 3984 posita

202 3998 330 4053 essent.
369 4025 404 4033 -
444 3983 575 4052 Verum
608 4007 627 4051 e
660 3983 823 4072 precibus
851 3984 946 4053 Malli
982 3998 1127 4085 apparet
1163 3985 1237 4053 eius
1272 3983 1481 4052 domicilium

202 4074 538 4163 haudquaquam
564 4073 721 4162 procul
744 4073 1078 4142 aVeronaIursse
1096 4073 1377 4162 (Weisiuspr.
1398 4074 1483 4161 1869

203 4184 236 4250 p.
276 4164 338 4249 11),
375 4163 469 4251 quod
494 4163 609 4230 celere
644 4161 810 4230 auxilium
845 4163 1147 4252 praesentium
1182 4163 1350 4230 malorum
1387 4174 1482 4230 certe

312 4337 330 4406 ¹)
363 4341 535 4397 Monsius
566 4343 605 4412 (p.
641 4342 732 4413 14115)
765 4342 897 4397 Mallium
934 4344 972 4398 de
1005 4352 1101 4398 morte
1140 4341 1240 4398 fratris
1280 4341 1387 4398 Catulli
1423 4341 1482 4396 iam

202 4420 291 4468 antea
309 4411 468 4467 certiorem
486 4412 596 4468 factum
616 4429 684 4468 esse
709 4421 794 4484 putat
820 4423 909 4484 atque
935 4414 965 4468 in
991 4414 1048 4469 hoc
1067 4414 1197 4469 carmine
1216 4431 1234 4468 a
1252 4421 1342 4484 poeta
1361 4413 1390 4467 in
1410 4430 1482 4468 me·

202 4482 359 4538 moriam
387 4491 502 4538 tantum
533 4483 709 4540 calamitatis
737 4484 796 4539 iam
825 4494 914 4540 notae
939 4485 1050 4540 reduci.
1093 4486 1133 4540 At
1158 4486 1232 4540 haec
1257 4484 1357 4566 opinio
1382 4485 1483 4539 verbis

203 4555 301 4682 clasrilsltf
323 4555 361 4618 (v.
383 4553 426 4623 11)
448 4556 518 4609 »sed
537 4553 587 4609 tibi
607 4573 644 4610 ne
665 4573 732 4612 mea
751 4555 810 4611 sint
829 4555 964 4626 ignota
990 4556 1186 4626 incommoda,
1205 4556 1301 4612 Malli«
1328 4555 1483 4611 confestim

204 4644 267 4682 ree
289 4637 354 4683 rtur.
