3656 5332
821 572 1036 636 ‚14-

291 742 489 810 laudatione
521 745 590 822 (vu.
614 745 783 830 41-160)
816 743 947 830 gentile
979 744 1193 825 adhibuisse,
1227 743 1353 811 minimi
1388 764 1467 810 esse
1500 742 1567 809 iam

290 854 396 920 supra
432 831 617 920 explicavi,
659 831 737 918 quia
769 834 833 900 hac
868 832 1002 900 ratione
1038 833 1139 900 etiam
1173 833 1204 900 in
1241 833 1382 921 epilogo
1410 829 1568 899 familiari

290 923 357 1008 (vu.
386 921 575 1007 149-16ol
598 943 810 1008 praenomen
834 921 979 1007 (›>Mani«)
1011 922 1199 1008 legendum
1224 944 1304 990 esse
1329 921 1566 990 concluderes,

290 1009 415 1097 Neque
439 1010 483 1090 id,
509 1011 602 1096 quod
627 1010 798 1077 nonnullis
821 1011 981 1099 placebat
1005 1011 1236 1079 declarandae
1260 1011 1434 1078 nominum
1458 1009 1568 1076 diver-

290 1099 401 1166 sitatis
425 1121 539 1180 causa,
564 1100 780 1186 probandum
806 1122 885 1167 esse
910 1113 1008 1187 puto:
1036 1100 1182 1167 amicum
1199 1098 1392 1167 »Manlium«
1408 1099 1442 1166 in
1459 1100 1568 1166 altera

291 1187 452 1254 carminis
486 1200 586 1275 parte
621 1189 690 1275 (vv.
715 1190 881 1274 41—160)
917 1189 933 1256 f
939 1189 1047 1256 also
1072 1188 1208 1256 nomine
1231 1188 1332 1257 »Alli«
1356 1188 1567 1289 appellatum

289 1299 379 1359 esse,
405 1275 485 1365 quia
510 1275 541 1343 ei
565 1275 772 1345 detrimento
796 1300 875 1345 esse
899 1277 1027 1366 potuit,
1061 1278 1198 1378 publice
1231 1290 1267 1345 ut
1298 1276 1456 1345 lenocinii
1492 1299 1568 1343 con-

288 1366 456 1433 fectorem
501 1365 702 1454 praedicari.
766 1366 880 1451 Quam
925 1379 1130 1434 sententiam
1171 1367 1321 1434 animum
1360 1366 1569 1433 induxerunt

216 1475 218 1478 ’
291 1454 521 1522 Palmerus
546 1454 590 1540 (in
622 1454 832 1523 ›>Hermath.<‹
856 1454 903 1522 VI
927 1479 959 1544 p.
985 1457 1063 1543 346)
1095 1469 1129 1523 et
1152 1453 1454 1523 Skutschius
1479 1454 1513 1538 tl.
1539 1477 1567 1521 c.

290 1550 428 1626 annot),
465 1543 522 1630 qui
547 1542 630 1610 illud
653 1550 908 1633 »uievuavvpov«
942 1545 1132 1612 secundum
1159 1543 1333 1611 Bentlei
1364 1545 1480 1630 legem
1514 1542 1568 1610 fic-

290 1646 362 1699 tum
388 1654 466 1700 esse
490 1631 601 1699 videri
626 1633 765 1701 monuit.
813 1632 886 1701 Sed
915 1633 1025 1700 tribus
1050 1634 1093 1701 de
1117 1633 1231 1701 causis
1254 1633 1348 1701 illam
1372 1633 1566 1723 opinionem

291 1722 453 1821 repudio:
480 1721 625 1808 primum
650 1723 773 1789 mirum
798 1745 879 1790 esse
903 1722 1040 1789 videtur
1066 1721 1252 1808 Catullum,
1277 1735 1314 1790 ut
1338 1745 1462 1789 nomen
1487 1743 1568 1808 gen-

290 1809 430 1877 tilicium
456 1809 648 1877 Romanum
674 1811 877 1893 occultaret,
915 1811 1005 1878 aliud
1043 1834 1166 1878 nomen
1199 1811 1411 1897 gentilicium
1444 1811 1569 1878 Roma-

290 1922 371 1966 num
395 1899 596 1988 scripsisse;
629 1899 755 1967 deinde
779 1923 846 1966 non
871 1900 1053 1987 intellego,
1091 1901 1266 1987 quomodo
1290 1913 1394 1988 poeta
1418 1899 1569 1988 potuerit

291 1989 406 2055 dicere
431 1992 500 2070 (vv.
516 2009 651 2077 49-50
674 2002 708 2056 et
735 1991 810 2088 151⁴)
834 2011 873 2056 se
898 1989 996 2056 amici
1021 2012 1145 2056 nomen
1170 1991 1213 2056 ab
1238 1989 1374 2057 araneis
1398 1988 1569 2076 robigine-

291 2099 358 2164 quc
382 2077 604 2144 defensurum
630 2100 719 2159 esse,
744 2100 773 2144 si
796 2077 829 2144 in
855 2078 920 2144 hoc
945 2078 1020 2167 ipso
1044 2091 1215 2166 poemate,
1242 2101 1311 2165 quo
1328 2079 1410 2147 illud
1429 2077 1568 2145 efficere

290 2167 440 2245 volebat,
465 2165 579 2233 fictam
604 2166 704 2234 amici
728 2166 995 2254 appellationem
1021 2168 1210 2256 usurpavit.
1243 2167 1400 2235 Tertium
1418 2167 1568 2254 denique

290 2255 438 2322 arbitror
455 2255 550 2322 Allio
574 2256 843 2343 haudquaquam
863 2268 1006 2344 propter
1023 2256 1182 2322 carminis
1199 2255 1345 2323 LXVIII
1363 2267 1570 2342 argumenta

290 2345 508 2412 incommoda
533 2343 691 2411 accidere
715 2344 880 2432 potuisse,
906 2345 999 2432 quod
1024 2368 1149 2411 nomen
1166 2345 1348 2427 Alliorum,
1373 2357 1410 2412 ut
1431 2346 1569 2412 demon-

290 2433 397 2500 stravi
423 2432 455 2514 (i.
480 2454 538 2520 pg.
567 2437 637 2520 13l‚
670 2433 832 2519 frequens
864 2446 957 2513 erat,
995 2447 1099 2520 atque
1130 2447 1260 2501 certum
1292 2457 1504 2522 praenomen
1536 2433 1568 2500 in

290 2521 442 2588 carmine
473 2543 540 2588 non
575 2521 799 2588 indicabatur.
851 2521 1017 2603 Accedit,
1054 2522 1147 2609 quod
1181 2523 1240 2590 illa
1276 2522 1467 2590 Palmeri
1504 2535 1567 2590 etc.

290 2611 459 2678 sententia
491 2633 625 2677 »unum«
661 2633 688 2678 c.
714 2608 860 2678 LXVIII
897 2610 928 2677 in
960 2611 1047 2678 duas
1080 2624 1198 2698 partes
1228 2612 1430 2680 dissecatur.
1479 2612 1568 2679 Nam

290 2722 346 2765 vv.
382 2721 503 2786 1—40,
540 2699 598 2786 qui
629 2721 751 2766 verum
787 2699 961 2767 continere
998 2722 1123 2767 nomen
1158 2701 1334 2784 dicuntur,
1371 2714 1466 2770 certe
1502 2723 1569 2768 non

290 2788 518 2876 publicandos
549 2788 655 2856 fuisse
691 2788 831 2871 credas,
869 2813 924 2856 vv.
948 2811 989 2874 41
1003 2790 1105 2855 --160
1136 2802 1250 2857 autem
1275 2803 1419 2879 propter
1443 2813 1568 2857 nomen

289 2877 493 2945 »subditum«
517 2878 715 2963 vulgandos
739 2877 846 2945 fuisse
872 2877 1087 2945 manifestum
1114 2890 1174 2946 est.
1222 2878 1295 2946 Sed
1320 2902 1364 2946 ex
1389 2880 1453 2957 eis,
1479 2902 1569 2967 quae

289 2966 323 3032 in
357 2966 426 3033 fine
458 2965 560 3033 huius
591 2966 844 3033 dissertationis
876 2967 1058 3055 explicabo
1091 2968 1159 3049 (vd.
1186 2967 1274 3056 Cap.
1300 2968 1385 3052 VII),
1421 2968 1570 3035 elucebit

291 3056 390 3122 adu.
419 3078 482 3144 150
506 3054 537 3137 (i.
564 3078 593 3121 e.
619 3055 662 3121 ad
687 3077 743 3121 vv.
771 3057 957 3142 149—160l
989 3079 1115 3122 nomen
1145 3055 1262 3122 fictum
1289 3057 1426 3124 minime
1451 3070 1567 3145 aptum

291 3166 380 3212 esse.
411 3185 450 3192 —-

595 3627 655 3708 II.
686 3628 747 3708 De
775 3627 901 3708 Malli
930 3648 1035 3709 casn
1063 3627 1262 3709 advorso.

381 3761 471 3829 Cum
495 3763 608 3851 ipsum
634 3765 794 3833 carminis
811 3765 941 3833 initium
959 3766 1118 3853 legimus,
1146 3765 1273 3834 Catulli
1291 3765 1437 3833 amicum
1455 3766 1570 3852 aliqua

290 3851 550 3920 calamitate
581 3853 743 3921 afllictum
774 3877 854 3922 esse
877 3855 1121 3942 intellegimus
1170 3855 1261 3940 Quia
1287 3869 1401 3921 autem
1426 3877 1468 3922 ea
1493 3877 1569 3922 nus-

291 3963 393 4028 quam
427 3939 539 4008 lucide
570 3943 790 4030 pronuntiata
827 3957 896 4026 est,
933 3946 976 4011 ab
1001 3944 1150 4032 antiquis
1176 3944 1391 4033 temporibus
1416 3943 1569 4011 virorum

290 4032 471 4097 doctorum
496 4029 786 4119 disputationibus
811 4035 934 4101 crebro
958 4035 1175 4100 versabatur.

398 4118 421 4186 I.
448 4119 567 4207 Atque
585 4120 643 4187 diu
660 4134 960 4204 commentatores
979 4144 1056 4188 cum
1074 4122 1106 4189 in
1124 4146 1180 4190 vv.
1197 4143 1291 4207 1-4,
1309 4120 1367 4209 qui
1381 4120 1571 4209 praecipue

290 4208 334 4274 ad
351 4207 446 4274 illum
464 4231 581 4276 casum
600 4209 781 4298 pertinent,
800 4224 932 4278 certum
950 4211 1137 4298 quidquam
1155 4211 1311 4278 invenire
1328 4234 1396 4277 non
1414 4222 1568 4299 possent,

290 4318 500 4364 eversuum
532 4298 592 4387 5l6
626 4299 743 4367 verbis
778 4312 911 4383 »sancta
936 4299 1070 4367 Venus«
1106 4314 1140 4368 et
1170 4299 1374 4366 »Desertum
1410 4299 1443 4365 in
1479 4299 1570 4366 lecto

289 4385 437 4453 caelibe«
467 4408 506 4453 se
538 4410 660 4455 verum
691 4387 918 4474 indagaturos
950 4411 1030 4456 esse
1055 4392 1253 4477 sperabant.
1303 4388 1383 4473 Qua
1407 4410 1447 4455 re
1471 4388 1571 4455 effec-

289 4487 361 4541 tum
386 4486 454 4557 est,
486 4488 523 4542 ut
547 4474 643 4543 Malli
667 4477 821 4544 dolorem
848 4479 890 4544 ad
916 4477 1044 4545 amoris
1069 4500 1171 4547 casus
1195 4478 1367 4546 adversos
1392 4477 1569 4544 referrent.

289 4562 362 4630 Sed
387 4563 487 4653 pauci
512 4586 643 4648 eorum,
668 4566 726 4653 qui
750 4568 838 4634 hanc
860 4568 1082 4634 sectabantur
1098 4567 1277 4648 rationem,
1303 4566 1336 4634 in
1352 4566 1410 4633 illo
1427 4566 1568 4633 invento

290 4653 558 4741 acquiescebant
576 4656 627 4741 (ut
643 4653 731 4722 Hau
738 4655 848 4743 ptius
854 4681 862 4739 ;
881 4657 921 4724 cf.
940 4655 1114 4742 Belger.
1131 4680 1164 4745 p.
1182 4679 1264 4744 247:
1289 4655 1570 4742 ›>Missgeschick,
