3656 5332
864 537 1080 604 ..30-

326 709 664 776 demonstraverunt.
694 710 783 778 Cum
802 710 893 779 enim
911 709 1151 778 disiunctivam
1168 709 1415 776 vocabulorum
1432 719 1481 776 »et
1502 750 1536 759 -
1557 721 1605 778 et«

326 797 394 866 vim
429 820 495 865 non
532 797 749 885 ignorarent,
783 799 829 867 ita
861 799 919 867 illa
943 801 1050 867 verba
1075 797 1345 886 explicaverunt,
1378 808 1416 864 ut
1438 819 1545 867 »mun
1571 811 1605 866 et

327 885 373 954 M.
398 899 432 954 et
456 886 513 953 V«
545 909 649 954 unum
682 910 836 974 carmen,
868 889 962 978 quod
987 899 1021 956 et
1045 889 1184 955 doctum
1210 900 1243 954 et
1267 884 1472 954 amatorium
1498 899 1603 968 esset,

326 975 346 1043 i.
374 998 405 1043 e.
429 975 630 1063 elegiam,
656 976 843 1063 designare
867 977 1004 1046 vellent.
1037 974 1109 1045 Sed
1133 975 1283 1065 primum
1307 973 1385 1044 illos
1408 977 1503 1044 viros
1527 977 1604 1044 doc-

325 1076 382 1131 tos
420 1063 509 1151 fugit
545 1062 721 1132 Catullum
761 1065 806 1134 de
840 1066 1068 1134 »muneribus«
1106 1065 1214 1153 loqui,
1254 1064 1346 1131 unde
1380 1064 1605 1154 complura

326 1152 482 1220 Mallium
507 1177 527 1220 a
550 1165 654 1241 poeta
684 1154 852 1244 petivisse
883 1155 1005 1224 elucet.
1054 1153 1149 1240 Quid
1179 1152 1305 1221 deinde
1337 1176 1423 1221 uno
1454 1155 1605 1222 carmine

326 1241 485 1330 elegiaco
510 1242 621 1310 amico
644 1265 733 1332 opus
757 1257 840 1322 erat,
865 1245 922 1333 qui
947 1243 1039 1312 veris
1055 1241 1205 1311 Veneris
1227 1241 1366 1329 gaudiis
1389 1264 1502 1330 aeque
1522 1241 1604 1310 indi·

326 1331 433 1417 gebat
457 1353 497 1398 ac
522 1330 659 1421 scriptis
684 1333 865 1419 legendis?
913 1332 1074 1420 Denique
1098 1331 1206 1400 verba
1232 1329 1425 1398 »Musarum
1446 1353 1603 1400 munera»

325 1419 503 1488 doctrinae
539 1420 785 1508 cogitationem
820 1421 959 1490 minime
989 1421 1165 1489 continere
1198 1420 1284 1487 infra
1317 1420 1513 1508 explanabo
1548 1421 1603 1507 (cf.

327 1531 386 1597 aa·
411 1509 482 1596 ad)

433 1631 639 1701 Tenendum
668 1633 774 1720 igitur
802 1634 921 1735 utique
956 1643 1010 1703 est
1039 1634 1128 1702 inu.
1157 1656 1197 1700 10
1229 1656 1387 1700 »munera
1412 1632 1605 1701 Musarum«

325 1720 465 1789 diversa
501 1743 581 1790 esse
617 1735 721 1810 atque
743 1722 906 1791 »Veneris
943 1747 1107 1792 munera«.
1155 1721 1291 1807 Quare,
1328 1721 1410 1810 quid
1434 1721 1499 1791 sibi
1522 1722 1606 1790 velit

326 1823 473 1897 utraque
497 1833 577 1893 vox,
602 1811 788 1901 separatim
813 1812 913 1880 nobis
937 1812 1225 1881 considerandum
1249 1823 1313 1878 est.

433 1931 506 2003 Sed
539 1958 659 2003 eorum
693 1937 889 2020 doctorum,
926 1936 984 2025 qui
1003 1960 1140 2006 ·verum
1174 1937 1396 2005 sectabantur
1424 1958 1603 2003 munerum

326 2021 462 2091 illorum
487 2025 572 2093 duo
602 2047 736 2112 genera
759 2025 899 2094 definita
924 2048 1004 2094 esse
1028 2025 1250 2115 accipientes,
1284 2024 1437 2093 nonnulli
1462 2025 1505 2091 ad
1529 2047 1604 2113 per-

326 2135 430 2181 versa
461 2114 726 2197 aberraverunt,
760 2137 837 2183 cum
869 2115 902 2183 in
935 2117 1024 2183 hanc
1054 2116 1110 2182 vel
1141 2114 1234 2183 illam
1265 2136 1388 2182 vocem
1420 2113 1526 2182 falsas
1559 2113 1604 2180 in-

324 2200 455 2270 ferrent
487 2203 686 2272 sententias.
721 2243 761 2252 -—
798 2208 835 2275 In
866 2204 992 2292 quibus
1022 2203 1225 2271 numerandi
1256 2215 1352 2288 sunt,
1391 2202 1448 2291 qui
1479 2214 1604 2270 statue·

326 2303 407 2359 runt
422 2314 581 2361 »munera
599 2290 759 2361 Veneris«
776 2293 964 2361 carmina
988 2292 1186 2360 amatoria
1203 2314 1293 2374 esse,
1317 2314 1475 2359 »munera
1492 2290 1603 2358 Musa·

324 2403 417 2448 rum«
448 2381 600 2448 carmina
628 2381 744 2465 docta,
780 2381 836 2449 vel
870 2382 914 2449 ad
940 2381 1156 2450 Graecorum
1186 2381 1382 2466 exemplum
1414 2379 1605 2469 composita

325 2468 380 2550 (cs.
412 2468 656 2557 Kiessling.
687 2493 720 2558 p.
749 2492 804 2559 15;
837 2469 1034 2539 Schoell.
1064 2470 1084 2538 l.
1117 2494 1144 2538 c.
1170 2493 1203 2559 p.
1227 2492 1308 2558 471,
1342 2469 1457 2538 Web.
1482 2492 1515 2558 p.
1543 2491 1605 2535 110

324 2579 378 2646 sq.
388 2581 396 2639 ;
422 2557 561 2628 Harn.
612 2613 619 2626 .
645 2559 714 2648 7l8)
747 2560 804 2627 vel
835 2583 878 2627 ex
908 2559 959 2627 eis
989 2581 1134 2648 prorsus
1158 2583 1202 2627 ex
1228 2581 1327 2628 ressa
1351 2557 1604 2644 (Schulzius

325 2644 359 2713 in
385 2645 466 2714 diss,
503 2670 536 2734 p.
563 2582 608 2714 Id
628 2670 721 2735 sqq.;
755 2650 958 2738 comprobat
988 2649 1053 2716 hoc
1077 2648 1180 2716 etiam
1251 2670 1392 2736 agnus
1416 2647 1449 2714 in
1472 2646 1603 2715 »Fleck

322 2734 425 2820 J.·B.<«
457 2737 541 2825 1877
575 2760 608 2826 p.
638 2738 728 2823 416).
781 2737 850 2822 Qui
886 2750 1002 2805 autem
1033 2738 1121 2806 hanc
1161 2736 1401 2827 explicationis
1437 2736 1603 2804 rationem

326 2825 435 2893 secuti
471 2836 552 2893 sunt
583 2829 735 2915 (praeter
768 2849 874 2916 supra
907 2826 1100 2894 nominatos
1137 2825 1434 2912 Doeringius
1467 2849 1499 2915 p.
1528 2847 1603 2913 139,

326 2912 364 2981 F.
388 2913 574 2982 Hermes
607 2938 658 3071 pr.
693 2915 779 2983 1888
808 2939 841 3005 p.
873 2938 930 2996 12,
967 2914 1401 2984 Benoist.-Thomas
1426 2915 1470 2982 ad
1494 2938 1525 2981 v.
1552 2919 1603 2997 10)

324 3002 358 3070 in
398 3002 475 3092 ipso
515 3002 643 3071 Catui
681 3002 798 3072 libello
841 3027 1027 3104 parvarum
1072 3026 1243 3090 nugarum
1254 3010 1277 3085 ¹)
1321 3016 1356 3071 et
1398 3024 1604 3090 magnorum
1697 3011 1707 3032 '

324 3091 515 3159 carminum
556 3092 736 3161 doctorum
772 3092 1026 3161 distinctionem
1062 3093 1206 3182 reperiri
1240 3091 1412 3162 recordati
1435 3103 1516 3159 sunt
1551 3090 1602 3173 (cs.

325 3180 457 3247 Harn.
489 3203 521 3269 p.
545 3202 583 3268 9:
620 3179 914 3250 »Charakteristik
951 3182 1014 3249 der
1044 3181 1268 3250 catullischen
1299 3181 1437 3264 Mused
1484 3179 1604 3267 Atque

326 3280 466 3357 poetam
491 3271 592 3338 docta
617 3269 769 3338 carmina
793 3270 867 3338 sola
891 3269 998 3358 digna
1022 3271 1203 3354 habuisse,
1264 3293 1329 3338 uae
1353 3268 1464 3337 Musis
1497 3267 1604 3336 vindi-

324 3369 436 3438 caret,
472 3359 713 3427 demonstrare
744 3359 932 3429 studebant
963 3359 1064 3429 tertio
1088 3383 1136 3429 cs
1161 3359 1226 3427 LX
1283 3382 1388 3429 versu
1412 3380 1490 3427 »nec
1513 3357 1605 3446 potis

325 3458 381 3514 est
404 3447 515 3516 dulcis
543 3470 717 3516 musarum
744 3471 951 3539 expromere
975 3449 1064 3517 fetus
1088 3448 1189 3517 Mens
1222 3448 1345 3525 animi«,
1377 3470 1466 3535 quae
1497 3449 1605 3515 verba

323 3535 371 3603 ad
394 3549 556 3624 poemata
581 3537 683 3605 docta
707 3538 890 3605 referenda
914 3561 994 3606 esse
1017 3537 1256 3627 opinabantur.
1288 3537 1363 3606 Etsi
1387 3548 1501 3604 autem
1527 3558 1603 3603 con·

326 3625 414 3692 cedo
438 3624 471 3692 in
496 3625 555 3692 illo
580 3624 731 3694 carmine
754 3626 895 3694 obvium
921 3649 1017 3707 esse,
1054 3639 1091 3694 ut
1113 3627 1236 3694 doctos
1260 3626 1445 3713 intellegas
1468 3647 1602 3704 versus

323 3735 404 3781 cum
430 3712 568 3800 legatur
592 3713 624 3781 in
648 3737 681 3780 v.
706 3737 727 3780 2
750 3727 908 3783 »sevocat
932 3738 952 3782 a
977 3714 1137 3784 doctis..
1164 3714 1370 3805 virginibus«
1394 3713 1486 3782 etin
1511 3737 1543 3781 v.
1564 3714 1605 3779 16

326 3801 493 3870 »carmina
524 3801 734 3884 Battiadae«,
774 3815 889 3871 tamen
920 3804 1118 3892 negandum
1148 3827 1229 3873 esse
1259 3816 1343 3893 puto
1378 3804 1486 3871 verba
1518 3801 1605 3869 »Mu-

264 3949 274 3970 ,
325 3912 444 3958 sarum
488 3891 593 3959 setus«
633 3893 677 3960 ad
717 3893 819 3960 docta
860 3904 993 3961 tantum
1033 3894 1183 3962 carmina
1221 3892 1405 3983 pertinere.
1459 3890 1533 3960 Sed
1571 3890 1604 3958 in

326 3979 525 4047 universum
559 3979 710 4048 carmina
744 3983 809 4049 hac
833 3982 1056 4050 translatione
1080 3983 1307 4068 designantur
1331 3980 1384 4063 (ef.
1410 3979 1604 4048 Riesium

324 4091 359 4224 p.
388 4070 471 4156 198).
521 4069 615 4154 Quid
649 4069 738 4137 enim
774 4070 959 4139 absurdius
994 4084 1105 4152 esset,
1164 4093 1242 4138 uam
1276 4069 1305 4137 si
1330 4068 1490 4138 Catullus
1519 4068 1551 4136 in
1575 4091 1604 4136 c.

358 4156 470 4226 XVlll
496 4157 627 4228 diceret
651 4181 690 4226 se
714 4159 835 4227 dolore
859 4158 1034 4249 impediri,
1070 4182 1113 4226 ne
1137 4190 1149 4217 ›>
1190 4182 1331 4227 usarum
1364 4158 1455 4227 fetus
1480 4180 1603 4246 expro-

326 4259 459 4328 meret«,
489 4247 509 4314 i.
543 4271 573 4315 e.
608 4248 709 4317 docta
742 4260 966 4338 componeret
990 4247 1166 4315 carmina?
1213 4248 1320 4317 Levia
1345 4247 1475 4315 scilicet
1499 4258 1533 4314 et
1558 4245 1602 4313 lu·

323 4335 419 4403 dicra
444 4348 620 4424 poemata,
658 4335 817 4426 quamvis
842 4337 993 4420 doleret,
1027 4336 1163 4424 fingere
1187 4336 1276 4427 potis
1301 4336 1394 4405 erat!
1442 4335 1604 4404 Nonnun-

436 4566 455 4635 ¹)
474 4568 539 4640 ipse
558 4569 691 4625 Catullus
710 4568 751 4646 ita
769 4567 933 4624 nominavit
952 4568 981 4623 in
1001 4587 1024 4623 c.
1039 4568 1096 4640 1143
1116 4570 1183 4625 alibi
1204 4570 1398 4626 »versiculos«
1413 4567 1521 4638 (xvlsg
1533 4577 1563 4623 et
1575 4567 1603 4636 6)

322 4648 356 4694 et
377 4639 535 4710 »ineptias«
557 4640 591 4706 (c.
611 4640 745 4706 xlvbn)
766 4640 903 4711 appellat.
