3656 5332
746 497 983 592 -434

323 698 488 768 Omnium
511 700 833 791 interpretationum
853 699 959 799 igitur
974 699 1085 768 solam
1104 698 1329 770 Parthenii
1346 722 1490 787 sequen-

215 790 295 858 dam
320 811 400 858 esse
417 811 554 859 censeo
603 789 684 876 Qua
700 812 768 857 una
785 790 946 858 verubus
961 810 1095 878 27-30
1114 802 1326 857 momentum
1343 788 1490 870 additur,

214 901 284 966 quo
307 877 430 947 relatio
454 901 533 946 cum
558 878 684 948 ceteris
715 900 804 968 quae
833 889 868 945 et
880 899 995 1034 (poam
1020 877 1141 964 gravis
1164 879 1225 964 sit,
1256 876 1489 964 intellegatur.

214 967 372 1034 Vidimus
396 967 543 1035 enimin
569 992 624 1036 vv.
652 989 693 1056 19
716 980 751 1036 et
774 990 794 1034 2
820 968 856 1051 26
913 966 1057 1034 atullum
1088 964 1121 1033 in
1152 966 1353 1035 universum
1377 966 1492 1034 omnia

212 1078 372 1124 amorum
405 1057 534 1143 gaudia
565 1068 708 1146 propter
737 989 847 1124 maias
879 1055 981 1123 animi
1013 1054 1233 1124 condiciones
1266 1078 1306 1125 se
1337 1054 1492 1123 aversari

216 1144 357 1214 dixisse.
412 1145 496 1214 ldeo
527 1158 644 1214 autem
677 1146 849 1233 (>›quare‹<),
881 1157 985 1234 poeta
1014 1143 1147 1233 pergit,
1179 1166 1218 1212 se
1243 1145 1336 1234 quod
1360 1143 1493 1213 amicus

213 1234 428 1321 rogavisset:
463 1247 501 1302 ut
532 1234 670 1303 Verona
703 1233 791 1303 tristi
824 1234 1012 1302 decederet
1047 1246 1082 1301 et
1114 1255 1271 1301 amorum
1304 1232 1491 1322 suscipien-

214 1323 337 1391 dorum
362 1345 467 1392 causa
498 1324 542 1392 ad
572 1346 612 1392 se
639 1323 791 1406 veniret,
823 1336 1004 1412 praestare
1035 1345 1103 1390 non
1134 1344 1250 1411 posse.
1296 1321 1343 1391 Ut
1375 1335 1490 1390 autem

215 1434 271 1479 vv.
296 1434 429 1501 27-30
452 1412 496 1480 ad
520 1413 578 1480 illa
607 1411 770 1480 »Veneris
794 1434 952 1479 munera«
982 1414 1028 1498 (V.
1061 1416 1112 1495 10)
1142 1411 1313 1480 referendi
1342 1410 1426 1493 sint,
1458 1410 1491 1478 in
1543 1444 1547 1451 ·

215 1524 247 1590 p.
279 1523 322 1588 34
357 1501 515 1570 disserui.
557 1543 590 1552 -
641 1500 809 1569 Catulli
847 1500 954 1588 igitur
990 1522 1207 1589 responsa
1241 1504 1311 1585 (vv.
1349 1501 1491 1588 15-30)

215 1612 235 1656 a
270 1591 475 1677 generali
512 1591 563 1658 ad
604 1589 803 1692 speciale
842 1589 1056 1678 progredi
1096 1589 1312 1657 videntur.
1370 1589 1492 1675 Quare

217 1701 272 1746 vv.
290 1701 424 1768 27—30
439 1679 735 1767 gravissimos
759 1700 839 1747 esse
864 1678 1083 1746 manifestum
1099 1677 1146 1760 fit,
1171 1691 1277 1765 atque
1297 1678 1385 1746 falso
1401 1678 1491 1749 Rie-

215 1767 323 1835 sium
359 1771 404 1858 (p.
428 1770 507 1855 221)
543 1791 605 1837 eos
639 1768 869 1837 annotationis
904 1790 1035 1856 parvae
1062 1779 1202 1856 praeter
1236 1780 1353 1835 cetera
1379 1767 1491 1836 factae

217 1855 293 1924 vice
322 1857 510 1944 fungentes
539 1857 665 1926 fecisse
695 1857 763 1925 iam
788 1855 1231 1926 Hoerschelmannus
1263 1860 1309 1946 (p.
1333 1857 1427 1945 9s1o)
1458 1869 1493 1924 et

215 1944 422 2035 Sonnyus
451 1955 494 2036 (p.
521 1949 578 2035 54)
610 1957 803 2014 senserunt.
850 1946 942 2013 Nam
977 1944 1052 2013 illis.
1090 1944 1209 2013 verbis
1238 1957 1342 2034 poeta
1373 1967 1412 2014 se
1444 1968 1492 2013 ea

215 2033 328 2123 ipsa,
365 2058 476 2122 quae
512 2034 1017 2122 amicus'flagitaverat,
1052 2056 1249 2102 »munera
1283 2033 1492 2102 Veneris«

217 2144 350 2210 negare
374 2124 504 2193 debere
527 2123 739 2214 pronuntiat,
771 2146 849 2191 cum
881 2123 1011 2192 crimen
1035 2146 1055 2190 a
1079 2123 1197 2191 Mallio
1226 2123 1353 2191 sactum
1383 2123 1491 2192 reicit.

216 2211 413 2280 Verisimile
447 2225 564 2281 autem
600 2226 654 2282 est
688 2211 835 2281 amicum
878 2212 911 2280 in
951 2211 1112 2302 epistolio
1146 2213 1234 2280 banc
1269 2212 1381 2300 ipsam
1417 2235 1492 2302 par·

215 2313 301 2378 tem,
337 2324 405 2390 qua
437 2300 564 2370 Catulli
594 2301 752 2370 libidines
779 2301 877 2383 adiit,
913 2300 1068 2391 inprimis
1101 2301 1305 2390 protulisse,
1342 2313 1394 2383 ut,
1431 2324 1493 2370 cur

216 2402 320 2546 poeta
344 2391 561 2479 respondens
585 2392 732 2459 eandem
753 2390 942 2492 praecipue
966 2389 1177 2480 respexerit,
1205 2389 1305 2458 facile
1329 2389 1374 2458 sit
1397 2389 1490 2458 intel·

230 2492 318 2547 ectu.
367 2478 496 2548 Verum
520 2479 675 2548 nonnulli
699 2481 761 2548 vin
785 2479 877 2548 docti
901 2503 944 2548 eo
967 2478 1091 2548 offensi
1111 2492 1200 2563 sunt,
1225 2480 1319 2567 quod
1333 2479 1369 2547 in
1386 2479 1492 2563 Malli,

216 2590 318 2656 quem
343 2568 576 2637 tristissimum
600 2569 781 2646 finxerant,
813 2568 972 2658 epistolio
996 2582 1066 2637 tam
1091 2568 1220 2637 lasciva
1244 2570 1353 2637 verba
1377 2592 1492 2637 occur·

214 2670 294 2725 runt
322 2657 376 2743 (cl.
401 2657 602 2745 Magnum
631 2658 664 2726 in
692 2658 858 2727 »Zeitscb
883 2658 904 2726 f.
934 2658 963 2724 d.
995 2657 1130 2726 G.-W.«
1156 2658 1242 2747 1878
1271 2681 1304 2746 p.
1327 2680 1409 2747 497;
1445 2658 1491 2726 M.

215 2744 484 2814 Schmidtium
508 2771 541 2837 p.
567 2747 647 2835 782:
672 2746 1098 2834 »Stimmungswecnsent
1145 2743 1219 2815 Sed
1236 2747 1264 2814 si
1281 2747 1492 2836 reputaveri-

216 2856 294 2902 mus
319 2832 448 2902 Catulli
471 2835 620 2903 amicum
645 2837 713 2921 (vv.
739 2837 810 2925 516)
841 2858 905 2924 per
933 2835 1083 2903 amoris
1111 2835 1241 2922 gaudia
1270 2857 1309 2903 se
1333 2857 1492 2903 somnum

214 2923 445 2991 adducturum
476 2946 556 2992 esse
585 2947 743 3013 sperare,
775 2923 843 2991 illis
870 2924 1031 2992 versibus
1054 2945 1201 3012 27-30,
1227 2923 1353 3024 quibus
1376 2936 1491 3013 poeta,

216 3012 309 3102 quod
337 3011 499 3082 Veronae
529 3026 682 3095 maneat,
713 3013 944 3103 vituperatur,
975 3013 1124 3080 animum
1150 3013 1246 3081 Malli
1276 3012 1392 3082 subito
1422 3037 1492 3081 mu-

215 3114 325 3170 tatum
348 3101 490 3170 indicari
514 3125 583 3170 non
604 3125 850 3192 proponemus
876 3103 1080 3192 praesertim
1105 3125 1182 3171 cum
1200 3103 1308 3170 verba
1324 3125 1493 3191 »quare—

217 3191 334 3258 cubili«
366 3192 409 3259 ad
439 3214 580 3281 precem
611 3193 723 3282 ipsam
753 3192 935 3260 referenda
966 3191 1043 3260 sint.
1092 3190 1199 3260 Certe
1227 3191 1368 3279 quidem
1396 3191 1492 3258 Malli

218 3291 368 3346 mentem
393 3302 460 3347 non
485 3303 646 3348 severam
670 3294 918 3370 strenuamque
939 3281 1047 3348 luisse
1064 3281 1198 3348 credas.
1246 3279 1374 3365 Quem,
1400 3282 1492 3369 quod

219 3367 263 3433 ad
288 3389 404 3434 mores
428 3369 586 3456 pertinet,
612 3392 688 3436 cum
716 3368 856 3437 Catullo
880 3369 956 3458 ipso
981 3369 1138 3436 conferre
1161 3391 1358 3457 possumus,
1387 3409 1423 3418 --

323 3456 414 3523 Tota
445 3457 550 3543 igitur
579 3457 637 3525 illa
668 3481 750 3547 pars
781 3479 946 3526 versuum
974 3478 1119 3545 15—32,
1153 3480 1221 3545 qua
1254 3457 1298 3525 ad
1331 3457 1493 3525 »Veneris

219 3566 378 3612 munera«
400 3547 508 3634 petita
531 3559 635 3636 poeta
659 3549 862 3636 respondet,
893 3546 1023 3635 optime
1047 3545 1215 3635 disposita
1240 3568 1320 3614 esse
1344 3547 1492 3615 videtur.

216 3633 387 3719 Versibus
413 3656 543 3723 15-19
559 3635 649 3703 enim
668 3635 828 3704 Catullus
852 3635 917 3703 sibi
933 3635 1048 3704 studia
1064 3634 1232 3703 amatoria
1246 3635 1362 3703 fratris
1382 3648 1493 3704 morte

218 3722 388 3790 exstincta
411 3745 491 3792 esse
516 3724 688 3808 declarat;
719 3725 810 3792 hunc
842 3727 954 3814 ipsum
978 3725 1137 3793 fortunae
1161 3748 1279 3793 casum
1304 3725 1493 3814 separatim

215 3811 247 3878 in
272 3835 327 3879 vv.
345 3833 478 3899 20-24
502 3812 673 3901 queritur,
699 3813 732 3880 in
750 3837 805 3880 vv.
823 3815 927 3902 25l2⁶
942 3813 1068 3903 repetit
1091 3814 1150 3881 illo
1171 3813 1355 3882 infortunio
1372 3837 1493 3882 omnes

214 3899 469 3989 propensiones
491 3902 536 3969 ad
553 3903 766 3991 voluptatem
790 3903 918 3970 amoris
934 3914 1134 3992 spectantes
1151 3903 1336 3971 evanuisse
1343 3927 1350 3982 ;
1375 3903 1491 3991 itaque

216 3999 286 4070 (vv.
310 3994 457 4078 27—30)
486 4013 525 4058 se
550 3989 728 4069 Veronae,
760 3991 792 4058 in
826 3990 955 4080 oppido
979 4014 1138 4073 morosO,
1171 4014 1370 4059 mansurum
1402 4013 1492 4058 esse.

215 4077 282 4146 'His
314 4092 431 4147 autem
463 4079 580 4158 dictis,
619 4103 709 4170 quae
742 4079 880 4148 Mallius
909 4094 1100 4167 rogaverat
1131 4079 1295 4148 »Veneris
1327 4103 1492 4156 munera«,

218 4180 312 4236 certe
336 4169 511 4257 denegata
535 4183 624 4237 sunt.
672 4169 777 4256 Quod
806 4181 910 4258 poeta
943 4169 976 4236 in
1001 4169 1069 4238 line
1093 4172 1187 4238 clare
1210 4169 1407 4258 pronuntiat
1439 4191 1493 4236 ve·

215 4255 306 4324 niam
346 4258 514 4345 petend0,
551 4259 644 4347 quod
680 4271 799 4348 optata
838 4259 1037 4346 negaverit,
1082 4281 1161 4326 cum
1203 4258 1246 4326 ad
1282 4258 1363 4325 talia
1403 4258 1494 4325 dona

216 4345 330 4413 danda
354 4358 456 4435 aptus
480 4368 547 4413 non
573 4360 668 4415 esset
692 4352 759 4431 (vv.
778 4349 909 4435 31s32);
932 4348 1052 4416 »haec
1070 4401 1077 4415 .
1095 4403 1103 4417 .
1121 4370 1279 4415 munera«
1303 4369 1389 4434 ergo
1405 4345 1452 4412 »V
1461 4369 1492 4414 e·

214 4435 336 4502 neris
359 4456 516 4502 munera«
539 4434 775 4523 intellegenda
799 4458 879 4504 esse
903 4459 947 4526 ap
974 4448 1049 4504 aret
1077 4436 1130 4524 (cf.
1157 4435 1373 4504 Harneck.
1398 4459 1430 4524 p.
1456 4457 1475 4523 7
1484 4461 1492 4520 ;

216 4521 502 4591 Skutschium
534 4547 565 4612 p.
593 4529 679 4613 147).
726 4522 799 4593 Sed
829 4460 983 4592 nonnulli
1013 4537 1305 4593 commentatores
1333 4525 1494 4612 (Kiess-

215 4611 314 4698 ling.
339 4635 372 4701 p.
400 4633 456 4701 15;
481 4612 527 4679 M.
553 4610 823 4681 Schmidtius
848 4636 879 4702 p.
906 4615 1025 4702 783l4;
1052 4613 1293 4682 Baehrens.
1311 4613 1344 4680 in
1360 4613 1491 4681 »Fiect
