3656 5332
860 537 1079 612 -62-

321 744 439 826 ctiam,
465 745 557 832 quod
582 765 708 833 perse
731 744 933 814 incredibile
957 768 1038 813 esse
1061 747 1199 814 videtur
1216 747 1370 815 Mallium
1388 771 1509 817 rursus
1527 751 1607 817 ami-

321 856 404 902 cum
428 845 496 901 tarn
523 833 723 901 dolorosum
755 834 883 924 optatis
914 834 1117 917 vexavisse,
1151 837 1356 924 praesertim
1387 859 1482 921 cum,
1514 839 1607 926 quod

325 921 505 990 Riesius
535 946 554 990 e
585 947 616 990 v.
646 942 707 1011 155
731 923 944 1002 enucleavit,
976 946 1114 992 amores
1145 925 1177 992 in
1209 937 1347 1014 tempus
1378 926 1525 995 amissos
1556 950 1607 995 re-

325 1011 575 1099 cuperavisset.
623 1011 716 1096 Quid
746 1012 835 1080 enim
865 1011 948 1079 felix
980 1012 1036 1080 ille
1067 1015 1172 1081 homo
1203 1027 1274 1081 tum
1303 1015 1518 1084 »muneribus
1541 1015 1607 1084 Ve-

324 1099 432 1166 neris«
456 1098 633 1168 aCatullo
649 1101 869 1188 praestandis
893 1101 1072 1188 indigebat
1102 1103 1154 1183 (cf.
1173 1102 1373 1190 Magnum
1397 1103 1431 1170 in
1454 1103 1608 1190 »J.-Ber.«

327 1188 514 1278 1881t111-
542 1210 604 1277 145
629 1189 744 1278 sqq-l?

431 1302 583 1372 Maxime
613 1305 764 1372 absurda
788 1317 903 1372 autem
929 1305 1107 1374 Weberi
1138 1307 1226 1374 ratio
1256 1307 1336 1375 mihi
1366 1329 1445 1376 esse
1469 1308 1606 1377 videtur

324 1393 396 1478 (»Q.
425 1391 481 1460 Q«
511 1416 543 1482 p.
568 1393 746 1482 98—127).
794 1393 860 1462 Hic
885 1393 975 1461 enim
1004 1393 1179 1463 Catullum
1210 1399 1354 1484 putabat
1385 1397 1484 1465 amici
1512 1397 1606 1466 Malli

323 1480 456 1549 litteras
472 1482 650 1570 accepisse
675 1484 720 1568 (ν.
738 1505 774 1550 2:
799 1483 934 1550 »mittis«
950 1495 984 1551 et
1003 1507 1031 1551 v.
1049 1507 1108 1573 27:
1133 1484 1307 1573 »scribis«),
1325 1485 1451 1572 quibus
1466 1487 1605 1576 »episto-

210 1609 212 1612 ν
324 1569 421 1637 lium«
452 1571 522 1638 Alli
548 1570 726 1638 cuiusdam
757 1594 917 1639 »munera
946 1585 980 1639 et
1004 1572 1182 1640 Musarum
1207 1587 1242 1642 et
1267 1574 1427 1642 Veneris«
1457 1576 1606 1663 petentis

324 1658 578 1727 adiunctum
603 1673 707 1728 esset.
755 1660 792 1727 In
810 1683 837 1727 c.
855 1659 1002 1727 LXVlll
1020 1661 1144 1729 deinde
1162 1674 1300 1750 poetam
1318 1655 1488 1732 ambobus
1505 1663 1605 1732 simul

224 1822 227 1828 ,
323 1747 560 1836 respondisse.
609 1747 712 1834 Quae
736 1749 851 1838 opinio
876 1749 953 1838 ipso
977 1749 1088 1839 primo
1113 1751 1274 1819 carminis
1298 1773 1401 1820 versu
1427 1752 1604 1822 refutatur.

310 1836 415 1904 Mam
441 1837 500 1925 qui
523 1837 703 1906 Mallius
726 1839 877 1906 »fortuna
902 1860 1056 1926 casuque
1080 1863 1286 1928 oppressus«
1317 1863 1397 1909 esse
1425 1855 1541 1930 potest
1565 1866 1605 1910 ac

322 1947 386 2012 per
410 1925 571 1994 lacrimas
595 1927 778 2016 epistolam
804 1927 1003 2015 scripsisse,
1035 1929 1064 1995 si
1095 1929 1182 1997 alius
1207 1929 1347 2018 quidam
1372 1931 1475 1998 homo
1499 1933 1605 1999 rebus

323 2014 483 2082 adversis
500 2016 719 2083 vexabatur?
742 2015 857 2084 Versu
885 2038 900 2083 1
927 2028 1043 2084 autem
1068 2040 1161 2105 vage
1185 2019 1338 2086 Mallium
1356 2019 1484 2087 »subito
1504 2020 1604 2088 afflic-

321 2114 410 2170 tum«
426 2103 569 2192 depingi
586 2104 771 2190 (Weber.
789 2128 821 2194 p.
842 2110 918 2194 105)
936 2127 1039 2192 nego.
1087 2106 1213 2194 Neque
1230 2107 1407 2195 intelleg0,
1430 2109 1604 2196 quomodo

322 2192 422 2259 amici
447 2191 581 2260 illarum
607 2194 797 2261 litterarum
823 2206 1031 2280 argumenta
1055 2195 1145 2262 inter
1168 2218 1207 2264 se
1241 2196 1397 2265 dividere
1420 2197 1603 2285 potuerint,

322 2303 401 2348 curn
427 2279 587 2350 Catullus
612 2283 716 2350 modo
740 2305 844 2349 unum
871 2283 975 2349 modo
999 2284 1144 2351 alterum
1169 2287 1273 2353 modo
1298 2287 1400 2353 ambo
1424 2284 1525 2353 simul
1550 2287 1601 2373 (cf.

321 2392 355 2435 v.
376 2391 455 2458 151:
480 2378 679 2454 »vestrum<‹)
704 2371 872 2438 allocutus
897 2372 951 2440 sit.

431 2485 482 2552 Eo
513 2497 628 2552 autem
660 2485 754 2574 ipso,
786 2487 879 2574 quod
914 2499 983 2554 tam
1015 2487 1200 2555 artificiosa
1231 2490 1410 2578 proposita
1440 2503 1535 2572 sunt,
1568 2503 1605 2558 ut

323 2586 529 2659 argumenta
562 2575 702 2664 quidem
736 2575 927 2642 carminum
961 2575 1183 2643 cohaerentia
1221 2599 1301 2645 esse
1336 2578 1604 2660 demonstretur,

323 2661 471 2730 duorum
495 2675 695 2751 poematum
720 2663 868 2732 secretio
892 2664 1021 2753 optime
1045 2665 1249 2733 defenditur.

430 2769 679 2854 Quaerendum
701 2769 851 2857 denique
868 2783 931 2853 est,
957 2794 1038 2838 num
1055 2795 1112 2839 vv,
1128 2774 1284 2860 41-160
1308 2772 1372 2861 ipsi
1395 2796 1501 2841 unum
1527 2797 1603 2842 con·

322 2857 504 2946 tinensque
521 2871 647 2948 poema
663 2859 730 2927 sint
747 2858 946 2946 (vallrb).
984 2857 1023 2927 Si
1039 2883 1123 2927 vero
1141 2861 1246 2928 totius
1263 2861 1425 2931 carminis
1442 2863 1603 2932 LXVlllb

322 2947 608 3035 compositionem
635 2961 769 3016 contem
796 2949 922 3028 lamur,
949 2971 1026 3016 earn
1050 2971 1116 3016 non
1142 2949 1254 3016 minus
1279 2950 1475 3020 claudicare
1500 2975 1601 3040 quarn

322 3035 427 3102 totius
463 3037 623 3104 carminis
659 2972 806 3103 valil
841 3038 941 3104 fateri
976 3039 1156 3106 debemus.
1215 3039 1306 3106 Nam
1341 3053 1494 3128 partem,
1535 3065 1603 3130 qua

321 3122 435 3189 Allius
460 3147 479 3190 a
505 3123 644 3192 Catullo
675 3124 888 3192 sollemniter
919 3126 1155 3213 praedicatur,
1188 3128 1361 3216 appendix
1393 3133 1462 3215 (vv.
1495 3151 1602 3218 149—

325 3213 401 3294 160)
425 3211 581 3299 sequitur
605 3213 816 3300 privatarum
841 3236 958 3281 rerum
983 3237 1061 3282 curn
1085 3216 1195 3284 amico
1226 3217 1553 3286 communicatarum
1566 3221 1602 3306 1),

322 3322 425 3387 quam
473 3300 673 3368 concinnam
742 3302 1001 3370 raecedentium
1040 3305 1188 3392 partium
1228 3306 1483 3375 conclusionem
1523 3330 1603 3376 esse

321 3410 424 3456 nemo
449 3389 573 3457 dixerit
598 3390 651 3476 (cf.
678 3325 890 3459 Meisium
918 3393 1003 3481 1863
1018 3416 1050 3482 p.
1069 3395 1136 3480 21).
1165 3393 1351 3462 Praeterea
1367 3395 1401 3462 in
1417 3402 1602 3486 v.1,49)5o,

321 3518 364 3524 —
395 3477 469 3546 sive
502 3479 680 3568 proprium
711 3503 838 3549 nomen
869 3481 998 3549 ibidem
1031 3481 1122 3570 legis
1154 3483 1228 3550 sive
1261 3506 1384 3551 vocem
1417 3484 1521 3552 »aliis«
1549 3526 1602 3566 -,

321 3565 464 3634 alterius
499 3568 715 3636 allocutio
754 3569 885 3658 incipit,
926 3593 1004 3638 cum
1043 3571 1074 3638 in
1115 3594 1170 3640 vu.
1207 3573 1364 3661 41-148
1397 3573 1517 3661 utique
1551 3573 1602 3642 de

322 3653 432 3723 amico
464 3670 641 3724 narratum
672 3657 725 3726 sit.
780 3658 893 3726 Etiam
925 3659 956 3726 in
991 3683 1047 3728 vv.
1070 3681 1256 3759 '149-151
1296 3661 1467 3730 sententia
1498 3675 1602 3752 atque

321 3766 567 3832 nonnunquam
590 3747 698 3813 verba
722 3769 887 3815 versuum
911 3771 1045 3837 41—50
1068 3761 1191 3816 iterata
1215 3772 1295 3817 esse
1319 3749 1489 3820 videntur.

428 3850 549 3939 ltaque
574 3851 754 3920 Riesius
779 3859 824 3943 (p.
849 3864 927 3944 219)
952 3878 1010 3923 vv.
1038 3858 1213 3943 149-160
1237 3879 1409 3925 carmen
1434 3857 1602 3925 absolu·

321 3951 405 4006 tum
425 3962 503 4008 esse
520 3941 710 4030 proposuit,
725 3943 822 4098 §uod
839 3957 913 4011 arte
930 3966 1007 4011 cum
1026 3945 1241 4031 argumentis
1257 3967 1423 4013 versuum
1447 3945 1604 4035 41—148

320 4028 539 4097 coniunctum
572 4043 676 4098 esset.
759 4055 814 4099 arn
847 4032 1049 4101 manifestae
1079 4034 1267 4102 relationes
1298 4034 1387 4102 inter
1417 4047 1603 4124 utrumque

319 4129 445 4205 poema
470 4117 704 4188 inveniuntur:
729 4124 838 4189 verba
862 4124 942 4190 »boc
961 4178 966 4189 .
986 4175 992 4190 .
1011 4144 1150 4190 munus«
1173 4131 1218 4201 (v.
1247 4125 1323 4211 149)
1348 4123 1392 4190 ad
1408 4136 1516 4192 totam
1534 4126 1602 4191 lau·

320 4205 494 4273 dationem
511 4208 779 4296 praecedentem
797 4222 965 4298 spectant,
991 4234 1068 4299 »pro
1092 4211 1233 4279 multis.
1253 4267 1258 4278 .
1279 4211 1439 4280 officiis«
1462 4216 1508 4298 (v.
1528 4211 1601 4301 150)

321 4294 364 4360 ad
389 4318 528 4362 versum
553 4318 612 4382 42:
645 4297 796 4386 »quantis
815 4352 822 4364 .
841 4351 846 4365 .
865 4297 1010 4380 officiis«,
1044 4312 1092 4368 »et
1126 4300 1251 4368 domus
1282 4301 1375 4390 ipsa,
1410 4301 1443 4368 in
1475 4323 1601 4389 qua..

431 4509 449 4577 ¹)
470 4511 554 4567 Hanc
577 4514 615 4567 ad
641 4530 704 4567 rem
724 4513 746 4568 F
755 4531 923 4568 ennerus
947 4531 974 4584 p.
1000 4532 1048 4584 29:
1078 4535 1121 4570 »v.
1143 4519 1284 4586 149—160
1308 4525 1407 4571 autem
1433 4514 1601 4586 epistolium

319 4590 365 4636 est
384 4583 419 4637 ad
440 4600 561 4638 carmen
581 4584 762 4655 adscriptum
790 4587 833 4652 (l),
862 4602 921 4655 quo
948 4585 1054 4640 iterum
1074 4587 1186 4657 gratias
1206 4596 1295 4658 poeta
1322 4587 1416 4643 amico
1435 4587 1523 4657 agit«.
1561 4585 1602 4640 ld.

319 4669 347 4723 p.
367 4654 416 4722 48:
439 4655 583 4725 »denique
602 4656 639 4710 ad
659 4656 780 4726 Allium,
800 4656 837 4711 acl
857 4673 945 4727 quem
966 4656 1034 4712 data
1053 4667 1107 4724 est,
1128 4659 1223 4729 elegia
1242 4659 1344 4715 redit«.
