3656 5332
870 567 904 575 --
951 546 1083 613 32-

335 723 480 813 Optimo
505 722 579 791 iure
604 721 693 790 enim
716 720 1161 790 Hoerscbelmannus
1185 722 1231 809 (p.
1252 720 1305 807 14)
1330 720 1463 789 monuit
1486 719 1616 789 diutino
1687 807 1692 811 ἡ

335 811 431 881 Malli
455 811 624 879 insomnio
648 809 757 879 solius
775 808 905 878 Catulli
928 809 1146 898 poematibus
1170 808 1331 877 satisfieri
1356 832 1423 877 non
1448 811 1615 898 potuisse.

335 900 473 970 Erravit
497 912 623 980 autem,
648 922 727 968 cum
751 898 831 966 inde
855 898 1078 967 concluderet
1102 898 1255 967 Mallium
1280 897 1315 964 in
1336 897 1497 987 epistolio
1513 898 1615 994 inpri-

335 990 400 1059 mis
436 988 581 1057 aliorum
621 999 803 1078 poetarum
838 987 1068 1055 recentiorum
1108 987 1215 1056 libros
1251 986 1413 1055 voluisse.
1472 985 1615 1056 Urbane

335 1079 426 1147 enim
443 1077 552 1167 ipsius
569 1089 704 1167 poetae,
731 1099 833 1164 quem
852 1076 942 1161 adiit,
960 1099 1051 1145 nova
1067 1096 1175 1166 opera
1192 1075 1311 1143 debuit
1327 1098 1464 1162 rogare.
1497 1075 1616 1164 Atque

360 1180 476 1235 raeter
499 1189 540 1235 ea
564 1165 612 1234 illi
635 1165 729 1234 licuit
752 1163 930 1253 aCatullo
954 1177 1115 1253 poemata
1132 1165 1244 1233 aliena
1260 1176 1391 1252 petere,
1417 1165 1495 1253 quia
1512 1177 1616 1254 poeta

336 1192 549 1324 lieronensis
585 1254 698 1322 multis
734 1253 810 1322 aliis
844 1253 1091 1344 »Euphorionis
1123 1252 1338 1322 cantoribus«
1368 1255 1502 1323 amicus
1530 1267 1614 1322 erat.

335 1345 439 1414 Hunc
471 1343 544 1412 lere
575 1343 608 1410 in
633 1344 773 1411 modum
797 1343 864 1411 iam
889 1342 1163 1411 Parthenius
1187 1344 1295 1410 verba
1319 1364 1479 1412 »munera
1502 1342 1616 1410 Musa-

336 1457 427 1503 rum«
461 1433 708 1521 interpretatus
743 1454 823 1500 esse
854 1431 1009 1513 videtur,
1046 1454 1122 1500 cum
1149 1455 1190 1499 ea
1214 1454 1277 1521 pro
1300 1431 1525 1502 »carminibus
1550 1430 1615 1499 Ca-

337 1522 410 1590 tulli
434 1533 478 1589 et
502 1521 597 1589 libris
621 1533 666 1589 'ex
691 1520 765 1588 eius
789 1519 1011 1592 bibliotheca«
1035 1533 1201 1610 usurpata
1226 1543 1305 1589 esse
1330 1533 1499 1590 censeret.

443 1644 607 1713 Nonnulli
642 1656 758 1712 autem
793 1667 814 1712 o
841 1643 922 1711 inati
957 1657 1037 1712 sunt
1060 1644 1232 1728 Mallium,
1267 1668 1344 1712 eum
1380 1666 1486 1712 »mun
1511 1643 1616 1714 Mus«

336 1746 490 1823 peteret,
526 1733 560 1800 id
585 1733 716 1821 egisse,
747 1745 785 1800 ut
810 1667 970 1800 damnus
994 1732 1058 1801 sibi
1082 1733 1148 1823 ipsi
1172 1734 1333 1823 proprios
1357 1756 1482 1802 versus
1506 1757 1616 1802 novos

337 1835 570 1912 componeret.
604 1822 709 1907 Quod
733 1821 883 1890 maxime
907 1821 1049 1890 dubium
1074 1845 1154 1891 esse
1174 1835 1268 1912 puto,
1294 1823 1375 1910 quia
1391 1823 1448 1890 ille
1465 1847 1485 1890 a
1501 1836 1615 1912 poeta,

337 1911 367 1979 si
391 1911 495 1980 celeri
519 1911 686 1979 solamine
709 1910 905 2000 praesentis
929 1911 1089 1978 miseriae
1113 1935 1202 2001 opus
1235 1925 1325 1996 erat,
1358 1911 1518 1998 llagitare
1549 1936 1616 1979 non

337 2000 457 2090 potuit,
483 2013 519 2068 ut
543 1999 657 2069 subito
681 2022 863 2067 numerum
887 1999 1092 2080 carminum,
1119 2013 1247 2089 quanto
1272 2001 1316 2068 ad
1339 1999 1542 2090 pervigilias
1565 2024 1616 2068 re·

338 2090 507 2158 creandas
530 2088 709 2177 indigebat
740 2088 885 2163 amicus,
919 2102 1153 2178 componeret.
1202 2090 1359 2179 Ineptum
1393 2090 1615 2178 insolensque

334 2178 507 2247 eiusmodi
540 2190 696 2266 optatum
726 2177 857 2245 luisset.
882 2217 925 2226 —
949 2175 1020 2245 Sed
1045 2178 1127 2245 mibi
1151 2177 1260 2266 liquet
1283 2178 1455 2262 Mallium,
1490 2192 1527 2247 ut
1552 2179 1616 2248 Ca·

338 2267 461 2349 tulluS,
495 2289 584 2354 quae
621 2277 782 2365 prompta
812 2267 957 2334 haberet
987 2267 1138 2334 carmina
1169 2290 1279 2357 nuper
1313 2267 1520 2357 composita,
1552 2268 1617 2336 sibi

338 2355 489 2423 mitteret
513 2355 699 2423 studuisse.
724 2395 767 2402 -—

447 2470 516 2555 Qui
553 2469 678 2538 deinde
704 2468 864 2539 Catullus
899 2470 1010 2538 amico
1049 2470 1211 2540 »Veneris
1249 2495 1408 2540 munera«
1447 2473 1617 2560 praebere

338 2559 477 2649 potuit?
522 2559 665 2627 Amoris
698 2557 837 2646 quidem
868 2559 997 2646 gaudia
1030 2561 1109 2649 quin
1134 2561 1187 2628 his
1212 2561 1328 2630 verbis
1353 2564 1516 2629 denotata
1540 2561 1616 2647 sint,

338 2648 487 2717 dubitari
519 2670 587 2715 non
604 2640 750 2737 potest,
788 2647 867 2734 quia
898 2647 1007 2716 altera
1036 2650 1258 2718 »venustatis«
1287 2649 1382 2718 notio
1414 2651 1467 2732 (cl.
1498 2673 1530 2739 p.
1562 2651 1646 2733 26)-

338 2737 383 2804 ad
407 2739 498 2805 hunc
521 2737 634 2805 locum
660 2759 727 2804 non
753 2748 807 2804 est
831 2739 1100 2806 accommodata.

445 2851 489 2919 Et
512 2851 593 2935 illis,
619 2851 677 2940 qui
701 2851 863 2920 versibus
886 2854 946 2942 5l6
969 2853 1132 2921 amissam
1157 2853 1252 2921 Malli
1278 2853 1423 2921 amicam
1448 2854 1535 2922 tradi
1560 2877 1617 2943 pu·

339 2943 467 3023 tabant,
502 2941 605 3008 obvia
629 2952 705 3008 erat
727 2942 898 3009 sententia
924 2941 1100 3010 Catullum
1124 2942 1243 3010 Mallio
1267 2942 1313 3010 ita
1338 2943 1466 3011 amoris
1490 2943 1617 3032 gaudia

339 3031 510 3118 praebere
523 3029 697 3112 debuisse,
716 3042 753 3096 ut
768 3053 894 3097 novam
912 3031 942 3097 ei
956 3043 1105 3098 amatam
1119 3043 1337 3120 compararet
1354 3031 1407 3113 (cl.
1425 3029 1617 3099 Skutsch.

339 3119 373 3186 in
395 3117 477 3185 »Rn
502 3119 607 3186 Mus«
632 3116 842 3185 XXXXVll
872 3142 904 3208 p.
933 3121 996 3207 146
1025 3122 1116 3207 ann.)
1163 3120 1279 3205 Quam
1312 3119 1508 3210 opinionem
1533 3119 1618 3186 Bir-

228 3281 231 3286 ,
339 3207 428 3274 tius
459 3209 470 3294 (
497 3261 504 3274 .
533 3210 584 3293 12)
617 3206 705 3275 falsa
735 3229 901 3275 versuum
925 3230 968 3296 27
1001 3231 1076 3298 sqq.
1109 3210 1338 3298 explicatione
1370 3210 1534 3277 seductus
1564 3208 1617 3294 (cf.

340 3295 427 3385 Cap.
491 3301 502 3382 )
537 3317 580 3364 eo
619 3295 781 3380 detorsit,
822 3309 859 3364 ut
892 3295 1069 3365 Catullum
1107 3298 1330 3385 magnificum
1369 3300 1530 3366 lenonem
1560 3296 1618 3365 fin-

339 3397 457 3472 geret,
490 3385 548 3472 qui
576 3407 644 3453 non
668 3386 773 3452 modo
797 3385 932 3466 Mallio,
966 3387 1157 3455 sedetiam
1181 3386 1340 3455 omnibus
1365 3387 1617 3455 Veronensium

339 3473 521 3543 iuvenibus
546 3473 637 3543 bella
661 3475 814 3542 scortilla
839 3497 882 3542 ex
907 3476 994 3543 urbe
1011 3475 1123 3544 Roma
1147 3476 1284 3544 mittere
1308 3477 1447 3543 soleret.
1486 3475 1618 3543 Birtii

339 3569 455 3632 autem
483 3562 691 3630 existimatio
712 3562 798 3631 mihi
822 3563 1000 3632 confestim
1025 3565 1207 3633 refutanda
1230 3587 1311 3633 esse
1335 3565 1481 3632 videtur.
1529 3564 1619 3632 Nam

339 3652 404 3720 etsi
430 3651 606 3720 Catullum
642 3651 808 3718 leviorem
843 3653 1002 3720 iuvenem
1037 3653 1145 3721 fuisse
1179 3655 1324 3738 scimus,
1365 3655 1488 3742 quales
1524 3653 1619 3720 multi

339 3740 430 3808 illius
453 3740 578 3808 aetatis
602 3752 708 3820 erant,
733 3752 848 3816 tamen
874 3742 967 3809 nullo
988 3743 1092 3810 modo
1103 3750 1128 3823 ¹)
1151 3756 1305 3811 statuere
1329 3763 1516 3832 possumus
1541 3764 1619 3810 eum

340 3829 534 3918 puellarum
566 3840 755 3896 mercatum
789 3842 859 3897 tam
889 3830 1065 3917 ingentem
1103 3844 1137 3899 et
1172 3832 1397 3922 multiplicem
1430 3831 1648 3899 instituisse.

341 3919 393 4003 (cf-
421 3916 642 4005 Sonnyum
666 3917 700 3984 in
717 3917 858 3987 »Wocb
876 3919 896 3986 l.
914 3918 959 3987 kl.
978 3919 1056 3987 Pb«
1080 3920 1158 3988 Vlll
1182 3945 1214 4010 p.
1239 3943 1284 4010 53
1308 3931 1383 4008 sq),
1410 3920 1507 3987 cuius
1531 3919 1619 3989 simi·

340 4009 406 4076 lem
439 4006 506 4074 illis
536 4006 750 4095 temporibus
784 4006 939 4077 extitisse
968 4009 1061 4077 haud
1086 4011 1158 4078 scio
1183 4033 1226 4078 an
1250 4032 1353 4077 nemo
1378 4009 1620 4077 demonstrare

340 4097 460 4185 possit.
485 4093 624 4162 -Sed
655 4118 697 4163 ne
729 4119 834 4164 unum
858 4097 999 4186 quidem
1023 4111 1175 4166 scortum
1205 4111 1243 4166 ut
1274 4098 1339 4166 sibi
1373 4098 1621 4165 transmitteret

342 4184 510 4268 Catullus,
537 4183 667 4252 amicus
690 4183 851 4272 flagitare
874 4187 994 4274 potuit.
1020 4187 1100 4274 quia
1123 4188 1218 4255 illum
1234 4187 1408 4267 Veronae,
1433 4185 1466 4253 in
1491 4186 1620 4277 oppido

341 4296 481 4342 moroso
516 4295 711 4360 severoque
743 4281 812 4357 (vv,
843 4297 886 4364 27
911 4279 999 4364 sqq.)
1031 4277 1164 4344 versari
1199 4277 1340 4345 sciebat.
1397 4274 1499 4344 Unde
1530 4274 1621 4343 enim

342 4363 503 4431 Veronae
526 4361 677 4451 puellam
702 4385 826 4452 parare
849 4363 908 4432 ille
931 4363 1065 4453 quivit?

451 4574 470 4642 ¹)
490 4593 557 4631 nam
585 4596 607 4631 c.
628 4577 660 4647 C,
687 4580 766 4648 quod
790 4579 826 4633 ad
856 4580 1042 4649 probandam
1061 4579 1238 4635 sententiam
1258 4581 1345 4637 affert
1365 4579 1526 4649 Birtius,
1552 4577 1623 4633 nibil

340 4657 394 4717 est,
414 4648 482 4719 quia
499 4665 587 4703 nemo
607 4650 702 4703 adbuc
721 4649 785 4705 eius
804 4659 979 4720 argumenta
999 4655 1113 4705 ratione
1133 4650 1296 4708 indubitata
1316 4652 1464 4707 illustrare
1482 4649 1586 4721 potuit.
