3656 5332
742 534 874 600 ..19
921 551 961 560 --

212 724 248 779 tu
274 711 374 780 simul
400 724 434 778 et
458 723 515 778 tua
539 709 642 778 vita!«
666 708 719 782 (cf.
744 706 873 775 Harn.
898 729 930 796 p.
954 729 994 792 4;
1019 706 1290 796 Hoerscbp.
1307 708 1351 792 6).
1388 706 1491 776 Prae·

213 813 310 868 terea
342 799 426 867 illud
456 822 491 866 »a
523 799 645 867 mortis
675 795 806 864 limine«
841 801 886 875 (v.
910 797 944 881 4)
978 794 1022 862 ad
1054 793 1348 884 comparationem
1379 795 1490 864 solam

212 895 371 978 pertinet.
419 887 614 956 Commode
650 885 740 954 enim
773 884 980 970 naufragus,
1012 883 1070 971 qui
1098 883 1199 951 undis
1223 883 1434 971 defatigatus
1457 885 1490 952 in

212 978 292 1046 litus
322 977 454 1046 eiectus
484 989 555 1056 est,
588 989 624 1044 ut
656 974 752 1044 iuxta
782 987 916 1041 aestum
948 971 1116 1040 letiferum
1148 971 1269 1055 iaceat,
1299 973 1348 1040 »in
1371 973 1491 1042 mortis

213 1066 343 1134 limine«
367 1066 500 1134 versari
525 1064 659 1133 dicitur.
703 1063 819 1152 Ipsam
844 1073 959 1130 autem
983 1061 1082 1130 amici
1107 1061 1212 1129 vitam
1236 1060 1270 1136 in
1295 1060 1491 1130 discrimine

213 1155 320 1224 fuisse
357 1155 437 1222 inde
472 1154 743 1254 haudquaquam
779 1150 1054 1219 concludendum
1087 1163 1151 1219 est.
1198 1148 1360 1232 Accedit,
1397 1152 1491 1239 quod

216 1243 343 1312 Catulli
375 1245 484 1311 verba
515 1264 628 1330 magis
659 1242 702 1309 ad
735 1239 874 1328 aliquod
902 1238 1005 1307 animi
1036 1237 1198 1306 damnum
1223 1261 1327 1327 quam
1351 1240 1396 1307 ad
1421 1263 1490 1307 cor·

238 1332 308 1400 oris
344 1331 485 1400 dolores
521 1344 681 1421 spectare
716 1329 885 1396 videntur.
894 1330 919 1414 1)
967 1327 1057 1396 Nam
1091 1327 1224 1395 amicus
1257 1327 1400 1416 fingitur
1429 1352 1492 1419 per

214 1355 376 1489 lacrimas
399 1418 565 1501 scribens
590 1430 724 1487 maesto
747 1418 862 1485 animo
886 1429 1007 1485 noctes
1028 1415 1252 1517 pervigilans,
1276 1416 1431 1485 remedia
1448 1417 1492 1485 ad

215 1509 317 1577 animi
356 1508 605 1578 recreationem
643 1529 785 1595 rogans.
841 1505 907 1574 His
945 1507 1105 1574 omnibus
1144 1505 1250 1592 igitur
1288 1503 1492 1574 Schoelli

214 1599 409 1687 opinionem
433 1620 577 1687 pravam
602 1619 682 1665 esse
706 1598 972 1664 demonstratur.

321 1720 382 1790 Sin
419 1734 533 1790 autem
565 1735 616 1790 tot
648 1721 743 1789 viros
777 1721 900 1789 doctos
933 1720 968 1788 in
999 1742 1137 1787 errores
1167 1731 1289 1809 raptos
1312 1741 1392 1788 esse
1417 1742 1493 1787 con·

214 1810 426 1892 sideramus,
456 1811 598 1900 paulum
628 1812 744 1891 abest,
777 1811 858 1897 quin
888 1809 1028 1878 omnino
1059 1831 1123 1876 nos
1147 1822 1279 1876 curtum
1304 1807 1491 1896 quidquam

214 1899 428 1988 investigare
468 1922 574 1989 posse
613 1900 842 1988 desperemus
887 1898 931 1965 ad
970 1897 1169 1986 exemplum
1208 1896 1493 1965 Hoerschel-

214 1989 356 2056 manni
381 1992 427 2077 (p.
450 1990 528 2075 6)²),
568 1986 730 2074 Magni
754 1985 898 2072 (»Fleclr.
923 1985 1022 2070 J.·B.‹<
1058 1987 1142 2074 1877
1166 2008 1198 2074 p.
1222 1987 1313 2075 416),
1353 1984 1492 2053 Riesii

214 2079 260 2164 (p.
285 2099 351 2143 220
386 2078 429 2144 ad
459 2100 491 2144 v,
516 2085 560 2163 4),
597 2075 773 2143 Weberi
808 2079 854 2163 (p.
882 2076 968 2162 105).
1020 2073 1134 2142 Unum
1170 2072 1309 2161 quidem
1346 2074 1492 2142 scimus:

215 2164 309 2232 Malli
341 2165 498 2232 dolorem
532 2187 636 2232 casu
667 2164 819 2251 quodam
849 2163 942 2232 fatali
973 2163 1149 2250 (»fortuna«
1178 2185 1209 2228 v.
1243 2166 1274 2240 Ι)
1305 2161 1493 2231 excitatum

216 2275 296 2321 esse
329 2253 531 2342 (Magnus
562 2253 595 2320 in
626 2252 757 2320 »Fleclc
781 2252 882 2338 J.·B.«
919 2254 1004 2341 1875
1032 2274 1065 2340 p.
1089 2252 1153 2340 851
1179 2263 1215 2319 et
1240 2252 1324 2340 1877
1348 2275 1381 2341 p.
1405 2253 1493 2341 416).

215 2341 341 2429 Neque
372 2343 438 2410 hoc
462 2341 681 2410 infortunium
705 2364 843 2430 grave
865 2340 973 2409 fuisse
997 2353 1104 2428 neget
1127 2341 1309 2430 quisquam
1334 2340 1387 2424 (cf.
1412 2364 1444 2407 v.
1473 2363 1488 2408 1

214 2454 313 2499 »casu
337 2433 521 2516 acerbo<‹³);
546 2455 579 2499 v.
603 2454 625 2497 2
648 2429 826 2498 »lacrimis«
833 2454 842 2511 ;
873 2429 1044 2516 naufragii
1067 2429 1335 2519 descriptionem
1360 2429 1493 2498 tristem

215 2543 271 2588 vv.
289 2521 389 2608 3J4l).
423 2520 513 2587 Nam
537 2520 629 2607 quod
649 2518 809 2587 Catullus
832 2518 953 2609 paucis
968 2521 1130 2587 versibus
1146 2518 1246 2587 amici
1263 2517 1493 2587 calamitatem

215 2608 338 2695 attigit,
363 2609 442 2677 huic
467 2608 618 2699 opinioni
642 2631 709 2676 non
733 2620 917 2697 repugnat.
961 2607 1041 2697 lpse
1065 2607 1156 2676 enim
1180 2606 1396 2676 tristissimus
1421 2620 1496 2676 erat

215 2710 328 2786 poeta,
361 2711 399 2766 ut
429 2697 592 2787 propriae
615 2693 774 2765 fortunae
799 2719 903 2765 sensu
930 2697 1064 2764 alienae
1088 2695 1294 2764 infelicitatis
1317 2695 1494 2765 miseratio

214 2786 470 2876 reprimeretur.
508 2786 649 2854 Censeo
665 2798 782 2853 autem
800 2784 929 2853 Catulli
946 2787 990 2853 de
1007 2784 1106 2852 amici
1123 2807 1206 2853 casu
1223 2784 1396 2853 silentium
1414 2807 1493 2853 cum

217 2875 318 2944 buius
350 2897 451 2943 casus
483 2874 741 2943 condicionibus
764 2873 849 2963 ipsis
873 2875 1073 2942 cohaerere.
1121 2873 1210 2941 Nam
1235 2874 1263 2942 si
1287 2873 1382 2941 Malli
1407 2875 1494 2941 cala-

215 2963 370 3031 mitatem
405 2963 652 3031 immutabilem
676 2963 782 3031 fuisse
817 2963 936 3050 ponis,
973 2961 1164 3050 intellegis,
1199 2985 1259 3031 cur
1289 2974 1394 3052 poeta
1424 2974 1492 3029 tarn

216 3052 346 3141 exigua
369 3055 477 3121 verba
501 3053 545 3120 de
570 3074 612 3120 ea
635 3051 764 3121 fecerit.
804 3051 844 3120 Si
868 3051 959 3120 enim
987 3052 1032 3119 de
1061 3073 1145 3120 casu
1169 3052 1357 3140 desperato
1389 3051 1494 3139 longe

215 3142 354 3241 lateque
377 3143 514 3210 locutus
537 3154 641 3224 esset,
666 3141 711 3208 nil
736 3141 920 3223 effecisset,
945 3139 1010 3208 nisi
1034 3153 1072 3209 ut
1095 3140 1240 3210 vulnera
1263 3139 1363 3208 amici
1379 3141 1494 3208 denuo

215 3231 440 3298 rescinderet.
473 3229 565 3316 Quia
581 3243 696 3298 autem
714 3231 774 3312 eis,
799 3253 890 3319 quae
914 3230 1027 3298 adhuc
1050 3230 1254 3311 invenimus
1279 3230 1383 3316 quale
1399 3229 1494 3296 Malli

215 3318 436 3386 infortunium
452 3319 562 3401 fuerit,
579 3320 732 3386 nondum
749 3320 834 3387 satis
850 3318 1071 3405 intellegitur,
1096 3319 1209 3386 illud
1235 3340 1355 3386 exem
1365 3318 1493 3407 plum,

217 3429 286 3495 quo
312 3405 473 3474 Catullus
507 3408 550 3474 ad
584 3407 848 3475 describendam
881 3407 980 3474 amici
1010 3407 1182 3475 miseriam
1215 3429 1300 3474 usus
1328 3418 1398 3487 est,
1431 3430 1495 3474 nos

217 3494 388 3584 inspicere
412 3518 501 3585 opus
526 3508 589 3563 est.
633 3495 752 3583 Atque
776 3518 821 3563 ex
844 3495 921 3585 ipsa
944 3493 1114 3582 naufragii
1136 3494 1288 3582 imagine
1312 3494 1393 3562 nihil
1417 3517 1494 3562 con·

216 3584 359 3652 cludere
383 3606 580 3672 possumus
605 3584 685 3673 quia
709 3608 751 3652 ea
775 3585 818 3652 ad
843 3583 959 3652 varias
982 3584 1141 3652 fortunae
1165 3584 1336 3652 adversae
1359 3583 1495 3673 species

216 3672 458 3762 depingendas
490 3673 682 3741 adhibetur.
734 3673 839 3741 Velut
873 3672 998 3742 Cicero
1029 3673 1170 3829 saepius
1202 3673 1246 3741 de
1280 3672 1494 3740 fortunarum

216 3762 400 3830 eversione
426 3762 572 3850 loquens
595 3761 654 3829 illo
679 3764 841 3852 exemplo
865 3762 971 3831 utitur
996 3765 1073 3852 (pro
1118 3762 1188 3830 ulla
1216 3783 1272 3848 14:
1297 3774 1348 3829 »ut
1372 3761 1495 3849 aliquis

217 3850 412 3941 patrimonii
425 3851 644 3937 naufragus«;
663 3849 740 3918 Cat.
758 3850 847 3934 1112:
865 3851 1092 3937 »naufragos«,
1110 3850 1153 3935 Ill
1159 3873 1215 3919 11:
1232 3851 1494 3939 »naufragorum

218 3939 363 4009 eiectam
377 3961 417 4007 ac
431 3938 643 4007 debilitatam
656 3961 809 4007 manum«
822 3942 911 4025 etc),
923 3938 1072 4008 Ovidius
1085 3940 1129 4007 de
1140 3939 1243 4008 exilio
1253 3962 1318 4009 suo
1329 3941 1380 4024 (cf.
1388 3939 1493 4007 Trist.

217 4028 330 4117 Il5l36
348 4041 382 4097 et
398 4027 554 4117 Vl9l17);
579 4027 736 4096 similiter
753 4051 908 4097 amorum
925 4028 1079 4118 pericula
1095 4028 1338 4097 describuntur
1354 4029 1407 4115 (cf.
1425 4027 1494 4095 Ov.

327 4241 346 4312 ¹)
366 4244 399 4298 cf.
420 4244 687 4299 Hoerschelm.
707 4262 735 4314 p.
753 4247 779 4299 6.

326 4328 346 4400 ²)
360 4333 394 4388 cf.
408 4332 582 4388 Hoersch
592 4334 670 4388 elm.
686 4351 712 4404 p.
723 4336 755 4388 6:
772 4335 854 4390 »Wir
864 4343 985 4390 miissen
999 4351 1032 4389 es
1046 4333 1125 4388 offen
1135 4333 1300 4401 bekennen,
1313 4333 1369 4387 wir
1379 4331 1496 4387 kennen

217 4404 273 4457 das
293 4402 430 4473 Unglitck
455 4405 509 4459 des
528 4404 680 4459 Freundes
706 4404 824 4461 nicht.
862 4406 961 4460 Wenn
987 4423 1020 4460 es
1039 4404 1134 4460 Catull
1153 4404 1232 4459 nicht
1250 4403 1360 4459 beliebt
1379 4404 1438 4471 bat,
1462 4421 1495 4458 es

216 4492 275 4529 uns
294 4473 484 4543 mitzuteilen,
503 4477 624 4531 werden
643 4475 699 4530 wir
711 4493 752 4544 es,
772 4477 850 4532 ohne
863 4477 911 4531 die
924 4477 1021 4532 Toten
1035 4494 1071 4531 zu
1084 4476 1238 4546 besragen,
1256 4475 1337 4529 nicht
1349 4485 1493 4530 enatem«

217 4559 354 4691 incendi'g
368 4563 479 4619 Eadem
500 4563 562 4619 fere
582 4565 674 4619 verba
693 4564 768 4633 legis
787 4567 868 4636 apud
880 4565 1044 4636 Vergilium
1064 4565 1093 4618 in
1113 4565 1189 4620 Aen.
1206 4563 1300 4634 Vl700
1319 4564 1356 4618 de
1375 4563 1494 4618 navium

1355 4725 1389 4778 2*
