3656 5332
896 1387 1034 1486 Vita.

360 1545 391 1580 ⁷
420 1566 635 1634 Alfonsus
661 1567 909 1636 Guilelmus
934 1518 1044 1633 Kalb
1069 1578 1171 1633 natus
1196 1587 1271 1633 sum
1290 1564 1495 1633 Eicbstadtii
1515 1557 1594 1634 ad.

312 1673 407 1740 XIV.
444 1671 533 1740 Non.
570 1670 668 1762 Sept.
709 1673 787 1741 anni
821 1674 853 1740 h.
890 1696 917 1741 s.
953 1671 1105 1740 LXXVI
1144 1684 1243 1761 patre
1267 1672 1446 1759 ¹Augusto
1485 1685 1595 1740 matre

312 1779 513 1866 Augustina
545 1803 565 1847 e
595 1792 702 1866 gente
732 1779 869 1848 Teusel.
923 1777 1023 1847 Fidei
1054 1778 1213 1847 addictus
1246 1801 1323 1846 sum
1358 1779 1593 1866 evangelicae.

312 1885 437 1953 Primis
472 1885 648 1954 literarum
685 1886 866 1980 elementis
901 1886 934 1953 in
970 1886 1091 1954 schola
1118 1884 1408 1973 Norimbergensi
1443 1885 1595 1954 imbutus

313 2015 402 2060 anno
427 1993 459 2060 h.
484 2015 511 2061 S.
537 1991 709 2060 LXXXV
734 1994 891 2084 eiusdem
915 1992 1033 2082 oppidi
1058 1992 1282 2081 gymnasium
1300 1992 1593 2061 Melanchthonia·

312 2122 392 2167 num
418 2098 495 2167 adii.
544 2099 692 2168 Duobus
716 2112 832 2168 autem
857 2099 955 2167 annis
972 2112 1051 2188 post
1071 2098 1106 2166 in
1122 2098 1345 2188 gymnasium
1363 2098 1594 2168 Passaviense

312 2205 447 2288 transii,
488 2207 580 2294 quod
619 2229 682 2295 per
721 2207 865 2295 septem'
895 2205 968 2274 fere
1007 2228 1116 2274 annos
1150 2205 1378 2293 frequentavi.
1416 2201 1525 2274 ¹Tum
1560 2206 1594 2273 in

312 2311 561 2399 Augustanum
572 2309 624 2380 St.
634 2313 760 2380 Annae
770 2313 993 2402 gymnasium
1007 2312 1186 2380 traductus
1200 2334 1289 2380 anno
1298 2311 1594 2381 MDCCCXCIV

313 2418 519 2486 maturitatis
542 2418 740 2487 testimonio
770 2419 957 2487 instructus
988 2441 1076 2488 sum.
1124 2418 1261 2486 Deinde
1293 2419 1483 2507 Erlangae,
1516 2419 1593 2508 Lip-

313 2525 396 2607 siae,
422 2525 594 2593 Monachii
623 2537 658 2594 et
683 2524 900 2594 Graecarum
925 2525 1231 2614 Romanarumque
1263 2539 1296 2594 et
1328 2526 1594 2612 lndogermana-

311 2654 390 2699 rum
431 2631 622 2700 litterarum
646 2632 771 2702 studiis
801 2633 988 2721 philologis
1018 2656 1162 2722 operam
1193 2634 1284 2701 dedi.
1331 2631 1470 2702 Scholis
1502 2633 1593 2701 enim

312 2737 448 2806 interfui
479 2737 632 2806 virorum
666 2739 962 2811 doctissimorum:
998 2739 1169 2822 Roemer,
1205 2741 1337 2824 Luchs,
1368 2739 1592 2827 Heerdegen,

312 2844 541 2928 Poehlmann,
580 2844 733 2932 Geiger,
769 2845 945 2936 Ribbeck,
983 2845 1183 2927 Windisch,
1221 2846 1469 2924 Wachsmuth,
1505 2846 1529 2914 l.
1561 2869 1592 2914 ν.

250 3003 253 3009 .
312 2951 476 3033 Mueller,
512 2975 545 3020 v.
573 2951 766 3036 Woelfflin,
801 2977 834 3021 v.
860 2952 995 3036 Christ,
1028 2953 1311 3040 Furtwaengler.
1341 2953 1462 3037 Kuhn,
1496 2953 1591 3020 Paul.

312 3056 495 3146 Superatis
519 3058 735 3126 examinibus
752 3058 909 3146 publicis,
934 3073 1120 3150 postquam
1140 3061 1325 3129 seminario
1348 3060 1593 3149 paedagogice

313 3163 345 3230 in
363 3163 588 3232 Maximillam
612 3165 799 3253 gymnasio
823 3164 1025 3236 Monacensi
1049 3191 1113 3257 per
1136 3191 1242 3235 unum
1259 3190 1384 3235 annum
1404 3167 1593 3236 instructus
1642 3253 1644 3260 γ

311 3291 401 3353 sum,
415 3270 549 3339 nuncin
563 3271 748 3360 gymnasio
763 3271 936 3341 Onoldiae
949 3275 1106 3362 magistri
1120 3273 1287 3343 adiutoris
1300 3296 1443 3342 munere
1455 3274 1592 3362 fungor.
