3656 5332
362 774 507 843 liberum
532 772 590 841 An
615 772 775 840 maritum
792 793 933 839 servom
950 783 1100 840 aetatem
1117 775 1264 863 degere«
1281 787 1345 842 etc.
1371 815 1413 822 —
1438 773 1511 842 Sed
1536 775 1639 844 etiam

362 864 392 931 is
424 875 539 953 potest
571 862 740 930 »caelebs«
777 859 858 943 dici,
903 861 937 944 2)
968 859 1025 948 qui
1059 861 1243 951 coniugem
1277 863 1401 932 amisit.
1448 863 1550 930 Hunc
1584 889 1639 933 au·

363 966 432 1020 tem
462 951 494 1019 in
519 973 662 1019 sensum
685 972 765 1017 raro
789 948 900 1017 Latini
924 948 982 1016 illa
1006 973 1093 1018 voce
1116 964 1267 1020 utuntur.
1315 950 1368 1020 CI.
1393 951 1503 1020 Plaut.
1529 950 1639 1022 Stich.

362 1041 485 1128 IVlrlg
530 1039 618 1108 »Sed
641 1038 698 1106 ille
723 1038 863 1106 caelebs
888 1051 962 1105 erat
978 1060 1101 1107 senex«
1117 1043 1174 1122 I:
1189 1042 1356 1109 »vedovo«
1373 1040 1544 1126 Forcell.),
1570 1041 1638 1112 Ov.

362 1129 447 1198 Her.
512 1129 627 1215 III107
644 1129 695 1215 (-
717 1128 761 1195 de
778 1126 967 1195 Laodamia
984 1151 1004 1194 a
1020 1129 1203 1217 marit01)
1220 1129 1341 1198 relicta
1357 1131 1431 1216 --):
1456 1129 1574 1199 »Aucu
1600 1155 1640 1200 or
1737 1141 1741 1151 “

362 1219 395 1286 in
419 1218 509 1287 lecto
533 1218 720 1286 mendaces
744 1215 876 1285 caelibe
900 1238 1066 1298 somnos«,
1106 1217 1206 1286 Mart.
1230 1217 1376 1307 1V16913
1399 1219 1552 1287 »Diceris
1575 1155 1640 1288 bac

361 1308 472 1376 factus
511 1307 650 1375 caelebs
690 1318 812 1395 quater
851 1326 931 1372 esse
971 1305 1121 1392 lagena«,
1175 1306 1360 1395 Nunquam
1401 1320 1515 1376 autent
1551 1333 1639 1377 voce

362 1395 532 1464 »caelibis«
567 1418 645 1463 eum
676 1393 869 1480 designari,
901 1394 959 1481 qui
990 1407 1105 1462 amata
1129 1395 1285 1484 privatus
1309 1409 1379 1479 est,
1411 1397 1542 1486 optimo
1566 1398 1640 1466 iure

362 1484 493 1574 monuit
517 1481 831 1552 Baehrensius
865 1482 910 1570 (in
940 1506 1062 1552 comm.
1096 1486 1139 1551 ad
1169 1509 1202 1552 v,
1226 1487 1308 1573 516).
1357 1484 1477 1570 Quare
1507 1508 1638 1568 omnes

387 1574 421 1642 ui
445 1575 509 1641 hac
533 1572 730 1641 nitebantur
752 1570 929 1661 opinione,
964 1571 1076 1641 fallaci
1112 1573 1336 1642 fundamento
1372 1574 1492 1643 confisi
1523 1589 1603 1644 sunt
1613 1578 1641 1663 2)

362 1599 686 1748 llIIesslingius
710 1663 798 1746 etc).
832 1660 911 1728 Non
935 1659 1050 1747 magis
1074 1673 1190 1730 autem
1214 1662 1294 1731 licet
1315 1662 1406 1731 illius
1422 1663 1520 1732 vocis
1536 1665 1639 1753 signi-

362 1751 556 1819 ficationem
592 1751 638 1819 ita
672 1749 836 1831 dilatare,
869 1761 907 1817 ut
936 1771 1170 1838 synonymum
1200 1751 1245 1820 sit
1272 1752 1370 1821 vocis
1399 1753 1567 1836 »deserti«,
1604 1766 1640 1821 ut
1747 1751 1757 1760 ’
1812 1789 1813 1804 κ

362 1839 709 1928 feceruntVulpius
734 1841 779 1994 (ps
804 1839 898 1926 388),
932 1838 1205 1928 Doeringius
1221 1841 1287 1998 bad
1312 1866 1343 1909 v.
1368 1843 1406 1910 6:
1434 1841 1581 1910 »coelibe
1598 1874 1640 1900 =

364 1952 485 2012 vacuo,
510 1927 703 2011 derelicto«)
784 1928 1068 1996 arneckerus
1091 1953 1124 2018 p.
1148 1952 1170 2015 4
1193 1933 1218 2015 I»
1252 1929 1362 1998 insam
1379 1931 1441 1998 auf
1453 1931 1638 1999 einsamem

363 2018 521 2105 Lagent,
560 2016 996 2102 Hoerschelmannus
1031 2019 1077 2107 (p.
1108 2038 1130 2106 5
1164 2019 1290 2087 »lectus
1323 2019 1463 2088 caelebs
1493 2051 1534 2078 =
1565 2020 1640 2088 sein

363 2106 444 2175 Bett
466 2106 510 2174 ist
534 2107 658 2192 teere).
706 2103 890 2194 Utcunque
915 2105 1004 2172 enim
1029 2130 1099 2174 vox
1123 2107 1266 2176 caelibis
1282 2107 1475 2196 adhibetur,
1500 2131 1639 2198 semper

363 2195 566 2282 coniugii
583 2194 747 2282 cogitatio
763 2193 967 2262 intercurrit.
1002 2194 1139 2280 Quodsi
1152 2195 1352 2286 inspicimus
1364 2221 1490 2266 vocum
1503 2198 1640 2266 illarum

362 2284 520 2354 »deserti«
541 2297 575 2351 et
590 2282 760 2352 »caelibis«
784 2283 883 2350 coni
894 2306 945 2350 un
956 2283 1163 2377 ctionem,
1189 2309 1279 2374 quae
1296 2285 1329 2354 in
1346 2287 1411 2354 hoc
1428 2309 1475 2355 cs.
1493 2286 1639 2354 LXVIII

362 2396 468 2442 versu
491 2372 679 2462 reperitur,
711 2371 956 2459 quadrifariam
980 2395 1058 2440 earn
1083 2374 1248 2464 expliCari
1272 2398 1378 2464 posse
1403 2375 1527 2464 liquet,
1559 2375 1639 2465 quia

363 2463 462 2530 binas
485 2461 664 2550 utriusque
689 2460 786 2528 verbi
809 2460 968 2528 notiones
992 2461 1203 2531 invenimus:

470 2607 516 2690 [a)
540 2602 679 2671 Mallius
711 2603 744 2670 in
775 2602 866 2671 lecto
895 2602 1028 2672 caelibe
1051 2605 1107 2689 (τ
1131 2604 1237 2673 viduo
1261 2605 1473 2692 coniuge
1498 2605 1639 2688 amissa)

575 2693 737 2760 desertus
761 2703 814 2759 est
838 2695 898 2777 (sc.
923 2714 943 2758 a
968 2693 1203 2781 coniugel]

469 2780 519 2883 ,bl
542 2799 680 2868 Mallius
715 2799 748 2866 in
779 2798 869 2868 lecto
902 2799 1034 2867 caelibe
1058 2807 1112 2884 (:
1136 2801 1241 2869 viduo
1265 2800 1476 2890 coniuge
1500 2799 1640 2884 amissa)

575 2902 628 2957 est
652 2889 813 2956 desertus
837 2891 893 2974 (=
917 2886 1174 2974 solitarius).

485 2998 516 3085 c)
541 2995 679 3064 Mallius
701 2995 736 3063 in
759 2995 849 3062 lecto
873 2994 1005 3063 caelibe
1029 2997 1087 3082 (=
1103 2996 1136 3064 in
1152 2997 1243 3065 lecto
1265 2996 1397 3087 innupti
1423 2996 1499 3083 viri)
1524 2996 1639 3064 deser·

576 3098 631 3153 tus
655 3095 709 3152 est
732 3085 794 3170 (sc.
819 3085 863 3152 ab
888 3090 1051 3168 amata).

484 3189 684 3279 d)-Mallius
716 3189 748 3258 in
779 3192 869 3258 lecto
900 3190 1032 3258 caelibe
1065 3196 1121 3273 (=
1144 3191 1177 3259 in
1209 3192 1299 3259 lecto
1330 3191 1461 3280 innupti
1486 3191 1562 3278 viri)
1587 3201 1640 3260 est

577 3281 737 3348 desertus
761 3281 816 3367 (=
840 3279 1095 3363 solitarius).

471 3367 630 3454 Quorum
652 3380 816 3525 quattuor
841 3391 983 3437 casuum
1006 3368 1154 3458 primum
1179 3369 1315 3438 silentio
1338 3368 1530 3458 praeterire
1546 3366 1640 3447 licet,

363 3459 443 3548 quia
479 3481 522 3527 eo
556 3457 649 3526 incre
675 3456 747 3525 ibili
780 3457 915 3525 ratione
949 3457 1003 3528 bis
1038 3457 1146 3526 idem:
1183 3457 1336 3526 Mallium
1366 3458 1514 3545 coniuge
1542 3458 1640 3525 orba·

363 3560 434 3616 tum
475 3570 570 3628 esse,
609 3545 858 3637 pronuntiatur.
912 3544 1112 3614 Secundum
1153 3559 1268 3614 autem
1307 3547 1523 3637 propositum
1562 3568 1640 3614 exa·
1675 3591 1680 3604 ·

363 3637 494 3705 minare
533 3636 720 3719 debemus,
767 3634 861 3722 quod
899 3634 1019 3702 similis
1059 3635 1253 3704 coniunctio
1291 3636 1324 3703 in
1363 3635 1472 3724 ipsius
1512 3633 1641 3703 Catulli

474 3850 492 3919 ¹)
512 3850 647 3906 Birtius
667 3851 705 3921 (p.
724 3850 765 3932 4),
794 3868 860 3905 cum
886 3859 1011 3920 negaret
1038 3851 1212 3906 »caelibem«
1234 3871 1268 3898 =
1287 3851 1409 3906 viduum
1435 3849 1544 3920 (χῆρον)
1564 3867 1640 3918 esse,

363 3923 441 3977 hunc
459 3923 556 3977 Iocum
582 3939 655 3977 suae
681 3921 812 3992 opinioni
838 3931 1054 3992 repugnantem
1082 3932 1187 3992 argute
1205 3923 1245 3977 ita
1264 3921 1366 3990 vertit,
1385 3930 1419 3977 ut
1437 3921 1548 3977 diceret
1567 3921 1640 3976 Lao·

363 3994 480 4048 damiae
498 4003 529 4048 et
547 3993 704 4048 Protesilai
724 3991 891 4063 coniugium
910 4010 969 4048 non
988 4010 1123 4048 verum
1143 3994 1299 4048 conubium
1320 3992 1420 4048 fuisse.
1457 3993 1503 4048 De
1521 4003 1639 4048 amata

363 4067 482 4121 deserta
501 4064 589 4135 igitur
608 4065 687 4120 illam
707 4081 812 4119 vocem
832 4063 972 4133 scriptam
992 4080 1068 4118 esse.
1100 4063 1162 4118 Sed
1181 4064 1238 4134 ipsi
1253 4064 1362 4119 Ovidio
1381 4063 1452 4119 illud
1471 4063 1638 4134 coniugium

363 4153 503 4191 verum
521 4135 619 4192 visum
644 4152 713 4190 esse
732 4135 952 4189 demonstratur
971 4133 1104 4189 eiusdem
1124 4134 1268 4206 epistolae
1287 4153 1377 4191 versu
1396 4152 1431 4206 25
1450 4137 1592 4200 (»socer<‹l
1612 4147 1641 4189 et

362 4224 398 4278 95
418 4207 548 4277 »Infelix,
579 4224 656 4277 quae
683 4205 781 4277 prima
808 4204 929 4259 virum
957 4205 1069 4274 lugebit
1098 4207 1286 4276 ademptum«
1315 4215 1369 4263 etc.
1407 4209 1449 4261 At
1471 4224 1508 4260 ue
1536 4223 1640 4262 vocem

365 4277 515 4334 »caelibis«
537 4295 591 4349 pro
612 4294 685 4332 voce
707 4275 818 4335 »vidui«
840 4275 881 4344 (et
899 4275 964 4330 vice
983 4275 1082 4344 versa)
1103 4277 1131 4331 in
1150 4295 1205 4332 usu
1221 4278 1311 4333 suisse
1325 4277 1421 4333 Plauti
1434 4223 1638 4347 ldartialisque

362 4349 434 4405 locis
465 4349 539 4405 satis
562 4349 760 4403 confirmatur.
799 4345 841 4401 CI.
873 4345 963 4401 etiam
983 4346 1070 4402 Ovid.
1090 4348 1126 4402 A.
1147 4350 1184 4402 A.
1204 4349 1295 4415 llroa:
1329 4347 1419 4403 »Cum
1440 4348 1514 4404 iuvit
1533 4348 1639 4403 viduos

363 4422 409 4487 I:
428 4420 565 4490 caelibeS,
584 4417 735 4490 innuptos)
754 4427 841 4486 rapta
859 4416 970 4472 SabIna
989 4419 1094 4473 viros«
1116 4447 1149 4456 -

471 4523 490 4594 ²)
510 4527 544 4581 cf.
565 4526 787 4581 Baehrens.
806 4541 912 4579 comm.
932 4525 970 4579 ad
988 4543 1036 4580 vv.
1056 4524 1109 4596 5l6‚
1127 4526 1334 4582 Weberum
1354 4544 1382 4598 p.
1403 4543 1462 4597 105.

472 4631 492 4702 ¹)
512 4633 756 4689 Schoellius
778 4633 807 4688 in
829 4632 886 4689 »Fl
906 4633 1127 4704 J.-ss.‹1880p.
1146 4650 1200 4703 473
1219 4633 1300 4690 dicit:
1329 4634 1439 4688 »lectus
1463 4633 1580 4688 caelebs
1604 4631 1642 4685 ist

364 4707 418 4761 das
436 4704 727 4774 Kranlrenlager‹(l).
