3656 5332
748 493 894 616 ,41Ι
932 567 967 578 -

326 720 462 791 Sensus
482 745 567 791 vero
592 721 832 811 explicationis
848 721 1179 790 Parthenianae
1199 721 1346 812 simplex
1371 722 1498 790 clarus-

219 835 288 902 que
312 824 375 880 est.
403 811 561 892 ,Mallius
585 810 677 879 enirn
700 833 844 879 suorum
867 810 977 900 ipsius
998 823 1203 900 optatorum¹
1221 833 1326 880 causa
1347 810 1392 878 ad
1408 833 1497 879 ama·

218 901 326 970 torias
350 898 477 980 Catulli
502 898 753 989 propensiones
777 921 974 989 provocans
998 899 1145 968 amicum
1170 911 1368 981 monuerat,
1394 922 1497 989 quam

218 989 396 1079 illepidum
412 987 594 1076 inelegans
621 1011 665 1056 ue
689 1001 785 1057 esset
800 988 963 1058 Veronae
988 988 1124 1076 morari,
1149 989 1207 1056 ubi
1232 988 1428 1057 libidinibus
1452 989 1497 1056 in·

218 1078 366 1164 dulgere
391 1078 560 1167 nequiret.
643 1100 697 1145 am
722 1078 755 1145 in
779 1078 845 1146 hoc
863 1076 1002 1146 Galliae
1020 1076 1217 1167 Cisalpinae
1240 1078 1370 1168 oppido
1395 1077 1498 1167 prisci

218 1189 335 1235 mores
359 1166 462 1234 etiam
485 1165 638 1235 valuisse
662 1166 832 1249 videntur,
860 1169 918 1255 qui
941 1166 1125 1235 iuvenibus
1151 1166 1347 1249 licentiosis
1375 1166 1499 1253 quales

141 1309 145 1316 .
221 1255 387 1325 Caesaris
410 1268 525 1323 aetate
549 1255 732 1338 vivebant,
764 1256 973 1324 incommodi
1005 1268 1039 1324 et
1070 1255 1204 1323 ridiculi
1236 1269 1343 1324 erant.
1392 1254 1497 1341 Quod

220 1358 336 1413 autem
362 1343 531 1428 Catullus,
578 1366 658 1412 uem
675 1367 815 1413 suorum
834 1357 1029 1434 temporum
1047 1344 1204 1413 luxuriae
1220 1345 1374 1413 deditum
1391 1345 1498 1412 fuisse

219 1446 364 1517 constat,
382 1433 441 1502 illo
465 1433 542 1502 loco
553 1368 686 1502 diutius
702 1445 925 1516 versaretur,
938 1433 972 1501 id
988 1446 1119 1523 »turpe«
1143 1456 1222 1502 esse
1239 1433 1377 1502 Mallius
1393 1433 1497 1523 scrip·

224 1536 328 1591 serat.
375 1521 448 1592 Sed
471 1535 576 1612 poeta
599 1522 780 1612 respondit
802 1545 870 1590 non
895 1535 1034 1612 »turpe«,
1060 1523 1123 1591 sed
1147 1522 1383 1592 »miserum«
1406 1545 1497 1591 esse.

220 1610 390 1680 Concedit
404 1634 491 1699 ergo
501 1612 678 1679 Veronam
690 1611 755 1688 sibi
768 1634 836 1679 non
850 1624 967 1701 aptam
979 1634 1070 1692 esse,
1084 1635 1207 1680 verum
1220 1635 1297 1680 curn
1311 1635 1378 1680 non
1389 1611 1497 1712 ipsius

217 1701 412 1784 voluntate,
446 1701 510 1769 sed
535 1699 622 1780 tristi
653 1701 789 1769 fortuna
820 1714 962 1774 coactus
993 1701 1121 1770 ibidem
1152 1701 1334 1784 manserit,
1367 1723 1497 1769 crimen

219 1789 469 1890 »turpitudinis«
493 1790 711 1858 refutandum
737 1813 817 1858 esse
832 1802 940 1880 putat.
958 1830 1001 1840 -
1018 1789 1155 1875 Quodsi
1173 1789 1402 1859 Parthenii
1424 1811 1498 1858 sen-

218 1891 358 1947 tentiam
381 1901 446 1968 per
469 1879 607 1968 singula
631 1879 739 1946 verba
763 1901 928 1947 versuum
953 1900 1087 1967 27-30
1111 1879 1358 1962 examinamus,
1383 1878 1497 1947 unius-

218 1968 386 2056 cuiusque
411 1969 507 2036 vocis
535 1967 709 2036 notionem
744 1967 874 2057 optime
903 1990 1108 2057 expressam
1140 1989 1220 2036 esse
1251 1967 1496 2055 intellegimus.

217 2056 371 2124 Primum
388 2056 613 2125 Veronenses
637 2056 814 2125 amoribus
838 2069 997 2125 carentes
1019 2056 1193 2125 solitarios
1210 2079 1290 2125 esse
1315 2058 1497 2139 (xdesertm

218 2144 259 2212 cf.
290 2168 322 2234 p.
347 2148 403 2231 21)
440 2146 590 2234 legimus
620 2157 725 2235 atque
753 2145 786 2213 in
818 2151 907 2214 lecto
941 2146 1112 2214 »deserto«
1151 2146 1209 2214 vix
1240 2146 1350 2233 frigus
1381 2146 1496 2236 depel-

219 2232 291 2301 lere
314 2256 421 2322 posse
445 2235 684 2324 (>›tepesacere«
708 2235 749 2302 cf.
774 2258 806 2324 p.
831 2240 905 2323 40),
931 2257 1021 2323 quae
1045 2234 1214 2303 sententia
1239 2257 1300 2303 sae
1326 2235 1380 2303 ius
1402 2235 1494 2324 apud

217 2334 341 2410 poetas
364 2324 551 2392 amatorios
574 2322 724 2391 occurrit
757 2323 799 2391 cf.
817 2322 886 2392 Ov.
903 2322 947 2391 Α.
965 2323 1010 2392 Α.
1028 2323 1150 2412 11117οε
1174 2323 1284 2411 »Frigi
1310 2347 1330 2391 a
1355 2324 1495 2392 deserta

218 2423 319 2479 nocte
343 2412 473 2480 iacebis
495 2435 614 2496 anus‹<;
639 2410 708 2480 Ov.
733 2412 817 2482 Her.
842 2412 910 2568 147:
935 2413 1029 2481 »Non
1054 2435 1123 2500 ego
1147 2413 1289 2481 deserto
1312 2412 1495 2481 iacuissem

217 2499 343 2586 frigida
356 2501 476 2584 lect0«;
495 2500 564 2570 Ov.
578 2500 660 2569 Am.
674 2501 832 2590 11115142;
884 2501 1070 2590 11).118139;
1089 2502 1191 2591 Prop.
1209 2502 1346 2590 1111713,
1363 2500 1496 2590 1111716.

220 2587 417 2659 Pronomen
440 2591 522 2660 »hic«
557 2613 662 2680 porro
693 2590 839 2680 simplici
870 2590 974 2659 modo
998 2604 1033 2659 et
1057 2590 1115 2680 qui
1138 2592 1341 2664 assentienti
1368 2590 1496 2660 Catulli

218 2679 335 2746 sensui
358 2680 580 2769 respondeat,
605 2681 648 2748 ad
673 2679 943 2769 praecedentem
974 2702 1096 2748 vocem
1126 2680 1317 2750 »Veronae«
1348 2680 1497 2748 referen-

218 2767 298 2834 dum
324 2774 421 2851 est.¹)
446 2810 489 2816 —
513 2768 592 2837 Vox
622 2770 793 2836 »deserto«
822 2769 972 2856 denique
1003 2791 1066 2857 per
1096 2791 1136 2836 se
1166 2769 1326 2837 absoluta
1359 2769 1496 2856 legitur,

217 2868 254 2923 ut
277 2855 311 2923 in
335 2879 368 2923 v.
392 2857 415 2923 6
437 2857 492 2942 (cl.
518 2880 576 2946 pg.
601 2858 669 2945 23).
717 2855 806 2924 Nam
841 2857 1053 2942 cogitatione
1076 2881 1111 2925 »a
1131 2870 1180 2924 te«
1204 2857 1295 2941 addi,
1320 2859 1413 2947 quod
1438 2882 1495 2925 vo·

218 2945 357 3013 luerunt
381 2944 647 3026 Palladiani,
673 2945 812 3032 longius
836 2946 946 3014 abest.

325 3051 469 3121 Praeter
513 3051 723 3142 principales
775 3065 890 3120 autem
947 3051 1174 3122 Parthenii
1225 3052 1496 3153 Palladiique

217 3138 517 3230 interpretationes
549 3142 639 3210 duae
672 3141 761 3210 aliae
793 3141 1026 3224 inveniuntur,
1059 3165 1148 3231 quae
1182 3165 1202 3209 a
1235 3142 1381 3231 singulis
1414 3142 1496 3210 viris

217 3229 329 3298 doctis
352 3232 642 3312 defendebantur,
672 3231 736 3298 sed
767 3246 910 3387 propter
942 3231 1053 3320 ipsam
1079 3231 1333 3300 mirabilitatem
1368 3231 1496 3320 dignae

217 3331 306 3401 sunt,
331 3342 421 3407 quae
445 3332 700 3410 proponantur:
726 3319 803 3388 dico
866 3321 959 3388 irtii
983 3332 1015 3387 et
1041 3319 1221 3405 Jowetti
1246 3321 1435 3409 opiniones.

324 3425 385 3493 llle
409 3425 548 3514 quidem
573 3450 593 3495 a
617 3425 843 3494 Parthenii
867 3426 1037 3494 sententia
1061 3426 1237 3515 profectus
1260 3448 1384 3495 vocem
1416 3425 1496 3494 »Ve-

217 3534 339 3580 ronae«
363 3519 408 3603 (p.
437 3537 474 3582 11
500 3521 567 3603 sq.)
591 3538 668 3584 cum
692 3526 808 3603 »turpe
825 3537 921 3582 esse«
945 3513 1123 3583 coniunxit
1146 3528 1251 3604 atque
1268 3515 1377 3582 voluit
1393 3537 1496 3582 enun-

218 3601 336 3669 tiatum
351 3603 491 3671 causale
504 3605 625 3692 (»quod
639 3645 680 3653 -
695 3603 825 3691 cubili«)
838 3626 902 3703 per
914 3603 1106 3672 orationem
1124 3603 1288 3672 directam
1302 3605 1493 3672 secundum

216 3689 313 3757 Malli
337 3691 536 3780 epistolium
554 3693 715 3848 proferri.
763 3691 868 3780 Legit
891 3693 1015 3781 igitur:
1046 3693 1154 3793 »quod
1185 3693 1309 3762 scribis
1332 3693 1495 3761 Veronae

216 3792 318 3868 turpe
342 3802 421 3847 esse
447 3779 588 3849 Catulo
612 3787 668 3864 l:
685 3781 847 3850 Veronae
866 3780 1007 3850 Catullo
1030 3782 1160 3850 crimini
1176 3781 1288 3868 verti).
1313 3782 1422 3871 »quod
1441 3783 1496 3850 hic

217 3867 464 3953 (Veronael)
490 3893 522 3957 q.
540 3871 572 3938 d.
590 3894 633 3938 rn.
651 3893 683 3938 n.
700 3871 738 3938 fr.
757 3872 788 3938 d.
814 3871 1001 3960 tepefactat
1026 3872 1182 3939 membra
1205 3871 1346 3940 cubilix«,
1393 3870 1496 3940 Hunc

218 3971 332 4025 autem
357 3980 498 4027 sensum
523 3958 642 4028 verbis
666 3959 836 4028 subdidit:
861 3958 1027 4040 Mallium,
1053 3959 1110 4048 qui
1135 3959 1338 4028 Veronae
1362 3961 1397 4046 (l)
1421 3983 1496 4027 ver·

215 4059 368 4130 saretur,
404 4046 543 4117 Catullo
576 4061 648 4117 tum
683 4047 717 4116 in
750 4045 882 4117 Sabino
914 4048 971 4116 vel
1005 4047 1189 4117 Tiburtino
1224 4047 1495 4134 (XXXXllllf2)

209 4136 363 4204 moranti
388 4137 572 4226 scripsisse
590 4137 752 4206 Veronae
777 4137 808 4205 ei
833 4137 964 4206 crimini
981 4137 1065 4214 dari,
1090 4137 1182 4225 quod
1200 4137 1334 4206 nobiles
1350 4137 1494 4206 iuvenes

217 4223 440 4295 Veronenses
464 4227 539 4295 sine
563 4226 688 4317 puellis
713 4238 839 4295 essent.
889 4225 1055 4295 Birtius
1083 4248 1171 4312 ergo
1197 4225 1373 4294 Catullum
1398 4224 1497 4294 finxit

214 4312 327 4382 officio
350 4316 564 4399 obstrictum,
590 4328 627 4383 ut
648 4314 788 4384 lascivis
810 4314 944 4405 patriae
969 4338 1054 4384 suae
1077 4314 1260 4383 iuvenibus
1286 4315 1496 4383 scortilla

325 4492 343 4556 ¹)
371 4493 406 4549 cs.
425 4495 612 4551 Weisium
632 4513 675 4566 pr.
697 4495 767 4564 1869
785 4511 812 4565 p.
835 4510 882 4563 103
907 4493 1143 4564 Eichlerum;
1168 4495 1337 4566 Magnum
1358 4495 1385 4549 in
1408 4494 1457 4549 »Z.
1478 4493 1496 4549 f.

214 4563 508 4706 ξὲῗῇζῆλῑῖζὲιρ.
526 4569 581 4638 496
599 4576 628 4622 et
648 4584 715 4638 5043
735 4565 1015 4621 Baehrensium
1037 4565 1066 4622 in
1088 4566 1191 4620 »Anah
1212 4565 1291 4622 Cat«
1312 4583 1340 4637 p.
1359 4583 1391 4636 9,
1410 4566 1497 4621 We·
