3656 5332
325 1430 423 1500 Multi
454 1451 590 1511 eorum,
626 1428 682 1516 qui
715 1427 778 1494 hac
810 1437 924 1512 aetate
954 1424 1167 1512 sexagesimi
1198 1425 1311 1492 octavi
1336 1425 1497 1494 carminis

219 1523 347 1592 Catulli
386 1517 625 1586 tractationem
664 1527 911 1605 susceperunt,
951 1514 983 1582 in
1024 1513 1176 1582 exordiis
1215 1513 1496 1582 dissertationum

218 1609 461 1680 excusationes
485 1608 681 1686 attulerunt,
714 1629 775 1674 cur
799 1605 977 1672 materiem
1002 1618 1072 1670 tam
1095 1625 1202 1692 saepe
1222 1605 1497 1690 pervestigatam

217 1711 424 1791 repeterent.
473 1696 574 1781 Quos
606 1695 728 1762 merito
760 1693 896 1761 veniam
920 1693 1103 1780 rogavisse
1127 1707 1230 1779 neg0,
1263 1693 1342 1782 quia
1366 1693 1420 1759 ius
1444 1706 1498 1760 est

217 1790 438 1878 officiumque
469 1784 726 1873 philologorum
763 1783 938 1870 incognita
974 1782 1077 1850 etiam
1113 1793 1217 1870 atque
1249 1781 1352 1850 etiam
1384 1782 1498 1849 denuo

219 1878 384 1966 aggredi,
417 1875 482 1943 etsi
512 1873 848 1962 inexsuperabilibus
878 1871 947 1939 vim
979 1871 1104 1938 afferre
1135 1870 1306 1938 videntur.
1354 1871 1444 1938 Nam
1469 1870 1498 1938 si

217 1967 354 2036 fastidio
380 1978 482 2045 esset,
509 1965 733 2030 conturbatas
759 1975 793 2028 et
818 1972 994 2029 contortas
1018 1982 1076 2026 res
1100 1959 1290 2046 explicare,
1320 1983 1497 2048 nunquam

219 2057 375 2146 profecto
400 2054 591 2120 litterarum
615 2049 729 2115 studia
753 2049 994 2136 procederent,
1019 2049 1081 2114 sed
1100 2049 1284 2115 haererent
1300 2047 1332 2115 in
1350 2049 1500 2137 antiquis

218 2145 394 2229 falsisque.
442 2140 563 2226 Itaque
597 2136 699 2204 etiam
731 2138 775 2204 de
805 2137 857 2204 bis
888 2150 958 2202 tam
986 2135 1181 2204 difficilibus
1211 2137 1404 2225 amplisque
1429 2159 1499 2204 car·

220 2230 320 2298 minis
338 2227 483 2296 LXVIII
506 2225 766 2315 quaestionibus
790 2249 858 2292 non
882 2225 961 2293 licet
986 2225 1174 2314 desperare
1199 2237 1303 2315 atque
1327 2226 1499 2308 desidere,

220 2318 426 2421 praesertim
465 2339 541 2382 cum
586 2315 728 2402 longam
761 2313 1031 2404 disputationum
1064 2313 1189 2381 seriem
1226 2315 1500 2404 contemplantes

219 2409 463 2494 intellegamus
494 2404 586 2472 haud
622 2405 771 2491 exiguos
805 2425 1017 2492 progressus
1049 2403 1081 2471 in
1107 2404 1313 2491 explicando
1337 2417 1500 2494 poemate

219 2499 331 2566 factos
355 2518 445 2564 esse.

277 2623 278 2626 π
328 2584 471 2673 Antiqui
495 2584 585 2650 enim
611 2595 903 2650 commentatores
927 2604 1049 2649 omnes
1074 2581 1156 2648 illud
1181 2605 1321 2650 carmen
1346 2605 1500 2650 emanu-

221 2675 357 2775 scriptis
395 2674 448 2759 (cf.
482 2695 555 2760 cap.
583 2671 642 2755 VI)
680 2695 813 2739 unum
853 2670 1102 2759 continensque
1134 2693 1214 2738 esse
1247 2671 1502 2739 arbitrabantur
1534 2738 1539 2752 ἱ

222 2765 322 2831 nimis
338 2763 463 2851 partim
480 2761 655 2828 variorum
673 2772 957 2847 argumentorum
976 2759 1260 2848 compositionem
1279 2760 1500 2829 admirantes

222 2852 346 2938 Neque
371 2851 410 2918 L.
436 2849 695 2928 Santenius,
722 2848 779 2937 qui
804 2863 840 2914 a⁰
871 2849 956 2935 1788
980 2850 1033 2916 ele
1063 2849 1128 2915 iam
1154 2849 1283 2916 Manlio
1307 2849 1501 2916 dedicatam

246 2938 363 3027 ropria
395 2937 579 3005 illustravit
613 2937 904 3004 commentatione
935 2936 991 3022 (C.
1050 2938 1134 3005 aleri
1160 2936 1288 3005 Catulli
1313 2938 1427 3025 elegia
1458 2940 1502 3005 ad

262 3027 401 3104 anlium,
435 3026 549 3113 Lugd.
573 3025 680 3110 Bab),
716 3025 902 3115 quidquam
929 3027 1020 3094 aliud
1045 3027 1078 3094 in
1103 3026 1340 3116 quaestionem
1365 3027 1503 3094 vocavit

222 3116 286 3185 nisi
317 3117 533 3205 singularum
563 3138 687 3182 vocum
719 3114 895 3183 lectiones
945 3115 1080 3183 Primus
1112 3127 1227 3183 autem
1259 3115 1302 3182 A.
1336 3115 1502 3184 Rodius

221 3206 254 3273 in
286 3206 391 3289 libr0,
424 3205 482 3293 qui
513 3203 710 3273 inscribitur
733 3204 1036 3293 »Philosophische
1067 3205 1136 3272 und
1168 3205 1298 3272 andere
1328 3204 1502 3273 Gedichte

223 3317 285 3362 aus
321 3295 399 3362 dem
425 3293 683 3361 Lateinischen«
715 3293 912 3380 (Hamburg
941 3295 1051 3381 1786),
1088 3294 1132 3362 de
1164 3294 1324 3362 carminis
1356 3293 1502 3362 LXVIII

222 3385 352 3451 unitate
376 3382 546 3450 dubitavit
569 3388 613 3470 (p.
638 3384 704 3466 81).
739 3381 921 3450 Convertit
946 3383 1035 3449 enim
1060 3384 1156 3450 solos
1179 3405 1235 3450 vv.
1264 3405 1381 3469 1—40,
1406 3384 1499 3470 quod

222 3472 419 3540 absolutum
454 3495 593 3540 carmen
628 3493 707 3538 esse
741 3472 886 3539 duceret
917 3471 970 3556 (cf.
1003 3470 1263 3539 Gurlittium
1294 3471 1326 3538 in
1350 3470 1503 3539 »Catulls

223 3561 383 3650 epischer
408 3559 555 3649 Gesang
580 3585 612 3628 v.
637 3561 669 3627 d.
694 3559 895 3647 Vermahlg.
921 3562 985 3628 des
1010 3560 1136 3628 Peleus
1153 3584 1185 3628 u.
1204 3560 1235 3627 d.
1254 3559 1392 3628 Thetis«
1408 3561 1503 3649 Lips

226 3651 310 3736 1787
327 3673 359 3736 p.
377 3651 440 3732 bl).
474 3648 515 3717 C.
543 3649 775 3717 Ramlerus
799 3649 950 3734 deinde1)
968 3649 1154 3732 (»Katullus
1167 3650 1200 3716 in
1214 3672 1242 3716 e.
1257 3649 1429 3738 Auszuge
1446 3652 1502 3717 lat.

132 3759 136 3767 ’
223 3761 254 3806 u.
274 3738 435 3804 deutsch«
451 3737 544 3826 LipS.
565 3759 651 3825 1793
667 3761 699 3825 p.
721 3761 783 3804 120
799 3741 889 3826 sqq.)
907 3761 974 3805 non
1000 3741 1103 3805 modo
1128 3739 1217 3807 hanc
1242 3739 1503 3806 disiunctionem

222 3827 373 3894 firmavit
396 3827 580 3894 statuendo
602 3850 658 3893 vv.
680 3847 786 3911 1-40
809 3827 979 3894 litterulas
1004 3835 1094 3908 esse,
1120 3850 1208 3916 quas
1224 3851 1269 3894 ex
1287 3827 1503 3914 argumentis

223 3939 242 3983 a
259 3915 487 4003 sequentibus
503 3915 652 3983 discerni
669 3928 858 4002 oporteret,
876 3917 939 3983 sed
953 3916 1056 3983 etiam
1073 3939 1130 3983 vv.
1147 3939 1188 4004 41
1202 3919 1304 3984 -160
1320 3940 1339 3984 e
1357 3917 1504 3984 diversis

223 4005 431 4093 quibusdam
462 4005 618 4094 partibus
649 4004 906 4090 conglutinatos
937 4004 1062 4086 voluit,
1097 4029 1175 4073 cum
1208 4005 1438 4092 distingueret
1469 4017 1504 4072 et

223 4095 392 4183 poematis
409 4095 453 4162 de
467 4093 656 4162 Laodamia
672 4093 864 4181 reliquias2)
881 4096 1028 4182 (73-90
1042 4094 1086 4180 -l-
1108 4098 1294 4182 101—132)
1312 4107 1345 4161 et
1362 4117 1502 4161 carmen

333 4270 350 4338 ¹)
370 4273 435 4328 Non
455 4291 527 4344 ergo
547 4275 769 4342 RanrleruS,
789 4283 821 4328 ut
840 4273 974 4344 plerique
993 4274 1101 4344 dicunt,
1121 4283 1223 4329 auctor
1236 4273 1349 4328 exstitit
1367 4273 1502 4328 seiuncti·

223 4341 296 4395 onis.
333 4345 409 4398 Nam
437 4346 513 4400 inter
539 4362 575 4400 ea
601 4353 753 4415 poemata,
780 4362 857 4415 quae
882 4345 930 4400 ille
953 4346 982 4399 in
1004 4345 1154 4399 »Berliner
1172 4344 1410 4399 Monatsschrift«
1433 4346 1502 4414 1784

223 4413 369 4468 convertit
389 4432 405 4467 e
425 4416 539 4485 Latmo,
559 4435 582 4471 c.
604 4416 724 4471 LXVIII
744 4435 802 4471 non
822 4416 948 4486 reperiri
967 4416 1031 4485 ipse
1051 4416 1120 4470 vidi.
1492 4445 1494 4450 .

299 4529 302 4535 .
330 4481 350 4552 ²)
371 4484 499 4540 Putabat
518 4487 595 4542 enim
609 4487 674 4542 fieri
687 4506 746 4542 non
760 4488 901 4557 potuisse,
915 4496 947 4542 ut
961 4486 1092 4542 Catullus
1107 4486 1255 4556 Lesbiam,
1275 4503 1352 4557 quae
1365 4485 1505 4540 maritum

223 4555 362 4625 deseruit,
391 4573 457 4610 cum
485 4557 544 4612 fida
570 4559 733 4614 Laodamia
761 4559 906 4614 conferret
934 4568 1023 4629 atque
1052 4557 1092 4613 ita
1121 4559 1235 4629 pudore
1263 4559 1404 4612 afficeret.
1442 4557 1503 4611 Sed

222 4636 342 4697 poetam
362 4645 420 4682 non
438 4627 632 4684 Laodamiam
651 4648 717 4684 cum
737 4629 854 4698 Lesbia,
873 4631 927 4685 sed
945 4630 1099 4684 ardentem
1112 4629 1266 4699 utriusque
1280 4646 1414 4684 amorem
1428 4646 1504 4683 com·

223 4699 378 4769 paravisse
397 4700 457 4754 iam
477 4700 512 4754 A.
533 4700 704 4756 Weisius
725 4700 764 4768 (in
784 4718 828 4771 pr.
848 4701 993 4771 Naumbg.
1016 4703 1085 4769 1863
1103 4717 1152 4770 pg.
1174 4701 1217 4770 14)
1238 4700 1384 4771 cognovit.

1292 4807 1305 4843 1
