3656 5332
788 537 1007 635 „255-

254 759 389 836 partem
413 744 601 828 attuleris¹)
626 743 803 811 Catullum
824 743 986 810 versibus
1006 763 1135 898 15-32
1151 764 1209 808 res
1225 733 1329 810 modo
1347 743 1534 811 amatorias

256 835 435 916 detestari,
473 855 540 900 non
576 844 707 900 autem?
727 831 855 899 amoris
879 833 1039 899 sensuml
1121 830 1130 898 i
1159 831 1249 898 enirn
1274 831 1535 920 leges-quibus

255 924 357 992 animi
380 922 520 990 humani
544 921 766 990 condiciones
790 932 825 987 et
849 932 1024 987 momenta
1040 919 1257 1003 definiuntur,
1284 920 1537 1005 considerabiS,

255 1012 455 1080 incredibile
480 1033 559 1078 esse
583 1009 756 1078 videbitur
779 1009 953 1076 hominem
976 1009 1111 1076 sincere
1135 1020 1239 1096 atque
1261 1032 1304 1076 ex
1323 1009 1435 1078 animo
1450 1017 1534 1097 gauss

255 1103 394 1169 dentem
412 1101 657 1187 dolentemque
674 1097 888 1166 licentiosam
905 1097 1140 1166 invitationem
1158 1098 1355 1186 praegravi
1370 1121 1535 1167 aerumna

255 1192 445 1258 abhorrere
470 1199 505 1256 et
529 1189 652 1256 eodem
678 1187 845 1276 temporis
869 1187 1019 1272 vestigio
1044 1187 1215 1272 imagines
1238 1209 1408 1254 venereas
1431 1187 1536 1257 libidi-

255 1301 360 1346 nosas
387 1301 431 1345 ue
456 1290 534 1345 ante
559 1278 680 1345 oculos
703 1278 834 1344 habere
859 1276 912 1362 (cl.
938 1275 1150 1344 Weisium
1179 1276 1264 1364 1863
1287 1299 1319 1364 p.
1344 1289 1388 1365 5).

363 1301 465 1452 {luae
490 1378 695 1454 argumenta
715 1366 818 1432 etiam
836 1364 1066 1432 Skutschii
1089 1372 1135 1452 (p.
1156 1365 1220 1452 138
1235 1375 1324 1452 sqq.)
1342 1366 1534 1434 sententiae

256 1457 299 1524 de
319 1479 454 1524 conexu
472 1455 661 1524 carminum
681 1453 842 1521 LXVfln
857 1465 891 1520 et
904 1455 917 1494 ¹¹
932 1455 1081 1521 obstant.
1113 1453 1146 1522 ls
1159 1453 1250 1521 enim
1265 1453 1441 1522 Catullum
1453 1455 1534 1523 lacit

256 1545 425 1613 dicentem
456 1567 512 1628 se,
538 1544 630 1633 quod
655 1562 758 1611 unam
782 1555 915 1610 tantum
946 1543 1122 1631 capsulam
1153 1544 1298 1626 habeat,¹
1328 1543 1387 1611 nil
1416 1545 1535 1632 »scrip-

256 1647 383 1702 torum«
418 1634 529 1701 amico
564 1633 700 1700 mittere
735 1654 856 1720 posse,
899 1631 956 1720 qui
991 1643 1174 1699 contentus
1206 1655 1286 1701 esse
1318 1633 1445 1701 debeat
1476 1633 1535 1700 illo
1603 1683 1605 1685 .

255 1723 407 1791 carmine
437 1721 674 1811 »scriptorum«
710 1722 786 1788 loco
823 1721 852 1788 ei
888 1721 1029 1809 proprie
1065 1721 1267 1809 composito.
1315 1721 1364 1789 At
1395 1734 1535 1810 praeter

255 1811 467 1879 obiectiones
506 1833 613 1900 supra
647 1810 815 1877 dissertas
852 1811 1106 1877 recordandum
1143 1822 1197 1878 est
1232 1810 1291 1878 illo
1322 1809 1534 1880 Skutschi

255 1900 436 1990 proposito
461 1900 495 1968 in
520 1900 651 1968 incerto
676 1898 838 1987 relinqui,
865 1921 926 1966 cur
952 1897 1111 1966 Catullus
1135 1921 1239 1967 unam
1264 1901 1442 1987 capsulam
1467 1923 1535 1968 non
1628 1904 1629 1907 ’

255 1991 263 2056 i
290 2013 368 2062 sam
396 1989 543 2070 miserit,
579 1988 641 2054 sed
674 2010 739 2075 pro
771 2009 812 2054 ea
837 1986 929 2053 aliud
953 2009 1078 2054 munus
1102 1987 1287 2074 poeticum.
1339 1988 1429 2055 Nam
1454 2012 1534 2056 num

256 2014 525 2146 inutschius
560 2100 579 2144 e
616 2075 732 2143 verbis
772 2075 932 2143 carminis
967 2074 1128 2142 LXVIIIa
1158 2076 1262 2144 talem
1301 2077 1382 2157 doni
1417 2077 1535 2145 vicari-i

256 2165 462 2234 sententiam
487 2166 671 2232 enucleare
694 2165 815 2253 possit,
838 2165 942 2233 ualde
967 2165 1095 2232 dubito.
1142 2165 1197 2232 Ac
1222 2187 1265 2233 ne
1297 2189 1341 2232 ex
1373 2166 1535 2254 opinione

256 2255 395 2344 quidem
418 2254 475 2322 illa
500 2253 666 2341 cogitatio
682 2253 822 2321 carmini
839 2253 971 2321 immitti
996 2265 1120 2341 potest.
1169 2253 1287 2322 Verba
1304 2253 1395 2322 enim
1411 2277 1535 2323 versus

256 2366 313 2432 39:
343 2367 425 2410 »non
454 2343 648 2430 utriusque«
672 2345 728 2429 (ε
748 2342 947 2410 alterutrius
971 2347 1116 2426 tantum)
1146 2366 1212 2410 non
1243 2343 1309 2410 iam
1338 2344 1535 2412 summatim

256 2434 300 2500 ad
324 2432 517 2500 »Musarum
542 2454 700 2499 munera«
724 2432 988 2520 qualiacumque
1011 2432 1142 2499 referre
1166 2431 1254 2516 licet,
1280 2434 1343 2500 sed
1360 2434 1536 2501 declaran-

255 2523 337 2589 dum
362 2534 432 2589 est:
457 2520 655 2589 alterutrius
679 2533 822 2602 tantum,
847 2521 866 2588 i.
892 2529 924 2588 ej
945 2543 1125 2588 munerum
1143 2521 1322 2589 Musarum
1338 2551 1382 2582 z
1397 2535 1535 2611 poema·
1559 2575 1561 2578 -

256 2625 344 2690 turn,
378 2633 468 2699 quae
499 2610 684 2700 qualiaque
714 2609 1006 2698 praecedentibus
1029 2635 1085 2678 vv.
1103 2613 1244 2698 ·33·-36
1274 2610 1414 2679 delinita
1445 2624 1534 2680 sunt.

256 2700 376 2789 ltaque
405 2700 532 2768 licitum
562 2722 630 2766 non
662 2711 715 2766 est
748 2699 839 2767 aliud
868 2699 1058 2786 cogitatum
1089 2699 1121 2767 in
1156 2723 1187 2766 v.
1212 2721 1256 2787 39
1286 2700 1461 2800 inopinato
1485 2724 1535 2768 re·

255 2811 387 2876 ponere
412 2789 519 2866 (velut
544 2787 704 2855 carminis
728 2789 842 2855 modo¹
863 2787 896 2855 in
927 2788 1026 2856 amici
1051 2810 1177 2855 nomen
1202 2789 1412 2877 compositi),
1442 2790 1536 2877 quod

257 2877 359 2965 vagis
390 2876 491 2945 dictis
523 2898 718 2943 »munerum
750 2877 945 2944 Musarum«
974 2877 1180 2966 pronomine
1211 2877 1387 2945 indefinito
1411 2901 1536 2946 versus

257 2988 302 3054 39
325 2965 483 3054 repetitis
506 2965 654 3033 fortasse
678 2966 827 3053 supponi
851 2965 972 3053 possit.

363 3054 479 3142 Magis
511 3053 650 3143 quidem
684 3054 750 3122 hoc
781 3054 1005 3123 substitutum
1036 3055 1206 3144 placeret,
1240 3055 1283 3138 si,
1317 3067 1354 3122 ut
1382 3056 1537 3123 fecerunt

256 3143 391 3212 unitarii
407 3143 546 3232 quidam
570 3143 648 3231 (Ma
659 3165 771 3230 gnus
787 3144 820 3210 in
837 3143 902 3212 »FL
918 3143 1018 3230 J.·B.«
1045 3145 1129 3233 1875
1144 3166 1177 3233 p.
1195 3145 1258 3232 851
1278 3157 1313 3212 et
1328 3144 1360 3212 in
1382 3143 1537 3231 »J.-Ber.«

260 3233 390 3322 1887)ss
415 3257 447 3322 p.
468 3253 531 3322 150
548 3256 616 3321 sq.;
642 3234 682 3301 cf.
700 3233 880 3301 Palmer.
899 3257 931 3322 p.
949 3256 1028 3322 347;
1055 3232 1236 3302 Schanz.
1254 3233 1309 3301 »lt
1328 3233 1366 3300 L.
1385 3233 1445 3302 G.«
1461 3234 1483 3302 Ι.
1503 3258 1534 3322 p.

261 3345 325 3411 150
348 3324 423 3408 sq),
448 3344 530 3388 »non
554 3323 749 3409 utriusque«
764 3351 808 3381 Ξ
824 3323 1007 3389 »neutrius«
1031 3345 1111 3389 esse
1135 3344 1374 3404 censeremuS,
1409 3337 1445 3391 ut
1471 3323 1536 3390 Ca-

257 3411 362 3477 tullus
394 3410 505 3497 primo
543 3421 657 3476 utrum
684 3433 727 3476 ue
759 3411 858 3478 amici
894 3422 1050 3499 optatum
1086 3410 1322 3490 recusavisse,
1356 3412 1418 3478 sed
1447 3413 1536 3480 hanc

257 3499 433 3586 repulsam
451 3499 602 3565 carmine
616 3497 644 3562 L
686 3497 778 3565 lllllb
792 3498 910 3566 Mallio
927 3499 1067 3588 proprie
1080 3498 1239 3566 dedicato
1253 3501 1536 3588 compensavisse

258 3589 443 3655 videretur.
492 3585 584 3672 Quia
613 3600 728 3654 autem
749 3588 844 3655 'illud
872 3588 997 3656 falsum
1027 3611 1106 3656 esse
1136 3587 1264 3655 scimus
1296 3589 1346 3670 (cf.
1375 3613 1408 3677 p.
1433 3590 1534 3678 48l9),
1580 3614 1582 3618 ⁴

258 3679 324 3744 hoc
349 3689 465 3775 autem
491 3676 765 3776 commenticium
797 3677 978 3765 quiddam,
1013 3675 1182 3745 eiusmodi
1214 3678 1429 3765 propositum
1461 3679 1536 3746 sine

259 3777 477 3834 cunctatione
501 3787 672 3834 reicimus

365 3853 500 3940 Quodsi
526 3876 664 3921 carmen
691 3852 852 3921 LXVIIIb
868 3876 981 3942 neque
1005 3855 1071 3922 illis
1094 3855 1261 3943 »scriptis«
1285 3860 1329 3939 (v.
1352 3859 1408 3944 33)
1433 3857 1536 3923 deno·

258 3957 366 4012 tatum
391 3965 505 4031 neque
529 3966 549 4009 a
575 3941 714 4010 Catullo
737 3943 877 4031 proprie
901 3943 932 4010 in
951 3944 1045 4010 Malli
1071 3946 1238 4011 honorem
1263 3946 1438 4012 canditum
1456 3967 1536 4012 esse

258 4046 443 4102 constat-
468 4032 609 4100 omnis
634 4029 887 4099 coniunctio
911 4033 1099 4120 partium
1123 4045 1186 4100 aet
1210 4035 1414 4102 bsublata
1438 4055 1535 4101 esse

369 4248 387 4312 ²)
407 4249 493 4317 Quod
513 4249 672 4318 Magnus
692 4248 841 4318 l»J.-Ber.«
864 4247 968 4318 1887)ss
988 4266 1016 4317 p.
1031 4266 1082 4319 150
1099 4249 1153 4319 sq.)
1175 4250 1211 4302 ad
1231 4247 1447 4302 defendendam
1461 4249 1536 4302 hanc

258 4319 427 4390 opinionem
448 4319 582 4375 adhibet:
601 4337 650 4376 vv.
671 4335 776 4390 15—32
795 4321 832 4374 ad
852 4337 972 4388 nugas
992 4319 1118 4375 eroticas
1137 4319 1263 4374 attinere
1282 4328 1371 4390 atque
1390 4336 1443 4373 eas
1456 4321 1537 4374 solas

258 4409 276 4445 a
295 4399 384 4460 poeta
402 4390 498 4459 vitari,
518 4408 584 4445 cum
605 4392 642 4445 ab
662 4391 761 4445 animo
781 4390 896 4446 alienae
915 4390 1036 4458 suerint,
1065 4391 1191 4446 Lesbiae
1216 4401 1315 4446 autem
1340 4407 1473 4445 amorem
1492 4409 1535 4446 ar·

258 4464 377 4516 dentem
404 4461 592 4517 nihilominus
618 4479 672 4529 per
695 4461 814 4515 dolores
840 4461 869 4516 in
894 4461 1009 4516 Catullo
1037 4464 1159 4530 durare,
1187 4471 1217 4516 et
1246 4480 1263 4516 e
1290 4462 1365 4516 salsa
1384 4461 1461 4516 illius
1480 4462 1536 4516 loci

258 4533 501 4604 interpretatione
520 4534 632 4602 pendet
651 4543 680 4587 et
700 4531 836 4587 subtilem
857 4532 1073 4588 distinctionem
1094 4533 1170 4588 inter
1190 4550 1285 4602 nugas
1305 4542 1334 4588 et
1354 4533 1485 4588 carmina
1499 4533 1537 4586 de

257 4605 385 4660 Lesbiae
410 4604 560 4658 amoribus
587 4613 673 4674 pacta
697 4603 822 4672 inducit,
851 4605 969 4673 qualem
995 4623 1027 4659 re
1051 4623 1124 4660 vera
1143 4604 1367 4660 non'exsistere
1387 4605 1536 4671 videmus;

258 4675 293 4730 cf.
313 4675 389 4745 0:11,
410 4675 456 4746 Ill,
477 4675 512 4744 V,
533 4674 593 4742 Vll,
614 4675 655 4728 XI
676 4685 728 4730 etc.
1306 4677 1307 4682 ’
