3656 5332
777 577 997 648 „37-

248 752 395 821 Venus
426 751 645 839 designatur,
677 752 721 820 de
752 750 851 820 cuius
882 750 953 819 filio
983 751 1016 820 in
1047 773 1075 819 c.
1099 750 1215 820 LXIV
1238 751 1330 820 idem
1353 753 1426 822 lere
1450 776 1532 842 pro·

247 839 423 910 nuntiatur
446 841 500 928 (cf.
526 853 561 909 et
579 839 649 910 Cir.
667 862 748 928 242:
773 863 855 908 »non
881 852 934 910 est
949 838 1157 909 Amathusia
1180 841 1288 911 nostri
1312 854 1382 910 tam
1405 843 1516 910 rudis«

250 952 341 1019 quae
365 930 468 1020 plane
493 929 637 999 imitatio
662 929 790 998 Catulli
815 930 892 1016 est).
932 928 1026 1015 Quia
1049 941 1164 998 autem
1189 930 1273 998 illud
1296 931 1419 999 »multa
1443 931 1529 999 satis

248 1019 329 1088 lusi«
354 1017 525 1088 artissime
550 1041 626 1088 cum
652 1040 691 1088 se
717 1017 879 1087 uentibus
894 1017 1120 1086 coniunctum
1145 1031 1207 1102 est,
1240 1042 1318 1087 cum
1342 1019 1429 1087 haec
1452 1020 1527 1088 sine

247 1107 318 1176 ulla
342 1107 590 1177 coniunctionis
615 1041 739 1197 coprila
761 1107 895 1176 adiecta
912 1107 988 1190 sint,
1013 1129 1136 1176 vocem
1153 1108 1322 1177 »ludendi«
1339 1107 1526 1178 Veneris

247 1197 423 1265 mentione
453 1196 485 1265 in
518 1208 650 1266 certum
683 1219 825 1265 sensum
850 1195 1026 1264 definitam
1051 1218 1131 1264 esse
1155 1208 1299 1266 constat.
1346 1195 1466 1286 Atque
1489 1217 1528 1266 ut

247 1285 337 1355 illius
367 1285 455 1354 deae
478 1309 651 1354 »munera«
681 1308 749 1353 non
774 1284 925 1354 carmina
950 1285 1132 1367 amatoria,
1158 1286 1221 1354 sed
1245 1285 1374 1354 amoris
1397 1287 1526 1373 gaudia

247 1375 481 1462 intellegenda
517 1397 597 1443 esse
632 1373 798 1456 vidimus,
835 1374 880 1442 ita
912 1376 977 1443 hoc
1010 1374 1087 1442 loco
1118 1374 1237 1456 ludos,
1273 1374 1331 1463 qui
1355 1376 1399 1444 ad
1424 1376 1525 1448 deam

246 1464 363 1532 »dulce
398 1486 517 1533 amaro
553 1464 770 1532 miscentem«
805 1463 994 1553 pertinent,
1034 1462 1173 1532 minime
1232 1463 1344 1532 oetica
1378 1464 1526 1533 ludibria

248 1576 386 1621 amores
402 1553 608 1635 canentium,
634 1553 697 1622 sed
714 1575 818 1621 veras
834 1575 892 1621 res
905 1551 1085 1621 Venereas
1102 1575 1182 1621 esse
1198 1487 1255 1620 illa
1272 1553 1348 1642 ipsa
1363 1553 1526 1640 imagine,
1596 1576 1606 1586 ·

271 1664 315 1709 ua
339 1642 460 1711 Venus
484 1642 683 1728 denotatur,
717 1641 882 1710 discimus
892 1647 925 1726 1).
972 1641 1138 1730 Haupti
1167 1641 1274 1729 igitur
1295 1642 1446 1711 versioni
1471 1642 1526 1728 (cf.

246 1665 346 1818 belg.
379 1754 412 1821 p.
436 1732 648 1820 247):.»von
680 1731 800 1799 frtther
823 1730 963 1817 lugend
996 1753 1040 1797 an
1071 1730 1161 1798 habe
1192 1729 1248 1798 ich
1271 1731 1362 1799 viele
1386 1730 1526 1801 Liebes-

245 1820 410 1907 gedichte
449 1820 642 1909 gedichtet«
681 1843 748 1888 non
787 1819 968 1888 assentior.
1027 1817 1118 1886 Nam
1155 1817 1332 1906 CatulluS,
1372 1843 1417 1888 ex
1456 1842 1528 1908 quo

247 1920 365 1996 togam
390 1909 570 1977 candidam
595 1909 774 1990 induisset,
799 1931 838 1977 se
859 1907 989 1995 gaudia
1005 1908 1215 1996 doloresque
1231 1909 1360 1977 amoris
1376 1907 1527 1977 subiisse

246 2021 303 2067 vv.
339 2000 469 2098 15—18
507 1998 667 2088 perhibet
704 2020 820 2098 neque
858 1997 951 2065 aliud
991 1997 1189 2086 quidquam.
1227 2039 1269 2046 -
1305 1996 1425 2086 Atque
1459 1999 1525 2067 hoc

248 2086 396 2157 Veneris
428 2088 650 2156 »studium«
681 2087 797 2154 fratris
830 2098 940 2154 morte
971 2086 1178 2154 exstinctum
1211 2108 1291 2154 esse
1320 2085 1481 2155 Catullus
1504 2110 1526 2154 a

246 2199 277 2244 v.
304 2198 345 2264 19
375 2175 566 2266 profitetur.
621 2176 675 2244 Ne
711 2187 826 2244 autem
860 2197 981 2243 vocem
1011 2174 1142 2243 »studii«
1174 2175 1218 2242 ad
1251 2175 1387 2264 poetica
1416 2198 1525 2265 opera

246 2277 407 2353 spectare
444 2265 639 2354 putaveris,
683 2265 776 2352 quod
816 2263 969 2332 nonnulli
1008 2264 1226 2332 »carminum«
1265 2265 1525 2333 subdendorum

245 2354 359 2440 gratia
388 2355 545 2423 lecerunt
573 2353 784 2442 (Weisius
817 2377 868 2442 pr.
896 2354 982 2442 1863
1005 2376 1037 2442 p.
1061 2375 1097 2442 5,
1130 2352 1524 2423 Benoistius·Tho-

246 2443 414 2512 masius
438 2443 483 2514 ad
507 2467 539 2511 v.
567 2466 623 2543 17,
650 2442 801 2510 Munro
826 2466 857 2532 p.
886 2443 950 2510 168
972 2443 1055 2531 sq.)!
1103 2442 1193 2510 Nam
1218 2442 1284 2511 hoc
1307 2442 1525 2512 substantivo

241 2530 323 2688 llso
358 2533 534 2621 quaelibet
570 2532 672 2600 ammi
709 2531 852 2600 directio
888 2531 1086 2600 adumbrari
1121 2543 1253 2619 potest:
1291 2531 1338 2600 ita
1371 2530 1405 2600 in
1440 2530 1524 2600 Ter.

282 2621 397 2712 delph.
423 2645 454 2690 v.
472 2644 513 2711 41
540 2623 584 2690 de
601 2620 743 2689 alterius
758 2621 874 2688 fratris
891 2620 1005 2689 indole
1023 2619 1159 2689 dicitur:
1177 2620 1348 2688 »dissimili
1365 2620 1394 2688 is
1408 2620 1525 2688 studio

245 2724 323 2792 est«,
347 2711 389 2780 cl.
414 2710 523 2796 Verg.
548 2710 638 2778 Aen.
665 2710 770 2799 lls39:
794 2709 976 2778 »scinditur
997 2760 1003 2775 .
1031 2766 1036 2778 .
1062 2709 1177 2777 studia
1200 2709 1233 2777 in
1258 2709 1430 2778 contraria
1455 2709 1525 2777 vol-

245 2821 344 2884 guse
391 2797 468 2868 Cic.
505 2821 569 2889 pro
603 2797 700 2867 Cael.
731 2800 792 2885 46:
831 2799 959 2867 »studia
994 2797 1249 2866 delectationis:
1290 2798 1393 2867 ludus
1428 2798 1526 2866 iocus

245 2887 474 2969 convivium«;
522 2889 615 2977 apud
653 2886 836 2955 Horatium
879 2886 911 2954 in
948 2885 1021 2956 Sat.
1058 2886 1202 2973 11l2l1²³
1241 2887 1393 2955 studium
1436 2886 1527 2977 pilae

245 2975 387 3064 legitur,
413 2976 446 3044 in
471 2975 544 3045 Sat.
569 2977 696 3065 lls5l80
719 2975 822 3044 etiam
845 2975 1020 3044 »iuventus
1046 3029 1053 3042 .
1079 3029 1086 3044 .
1111 2975 1259 3044 Veneris
1283 2976 1454 3044 studiosa«
1477 2977 1523 3062 (l),

245 3065 285 3134 cs.
305 3064 486 3135 Claudian.
503 3065 605 3155 Rapt.
626 3065 788 3154 Proserp.
805 3064 934 3152 lllj412
958 3087 1009 3153 sq.
1034 3065 1163 3132 »studia
1187 3119 1194 3134 .
1221 3118 1228 3134 .
1252 3087 1463 3155 procorum«.
1481 3105 1523 3112 —

245 3153 324 3223 Non
355 3178 442 3245 ergo
475 3155 623 3224 dubitari
656 3167 789 3245 potest,
824 3154 905 3256 quin
931 3153 1092 3223 Catullus
1122 3155 1345 3244 pronuntiare
1376 3153 1524 3231 voluerit

244 3242 353 3332 ipsius
383 3245 534 3313 studia
564 3244 726 3313 amoris
756 3245 871 3313 sratns
901 3255 1013 3312 morte.
1036 3243 1182 3326 obiisse,
1216 3243 1421 3333 praesertim
1445 3265 1523 3311 cum

245 3333 370 3400 vocula
393 3334 488 3401 »hoc«
511 3333 568 3400 illa
591 3335 700 3401 verba
724 3345 799 3400 arte
816 3355 892 3401 cum
910 3333 1199 3421 praecedentibus
1215 3332 1376 3401 versibus
1395 3333 1527 3420 15-18

245 3420 442 3508 coniungat.
481 3420 571 3489 Cum
596 3435 710 3489 autem
737 3419 897 3489 Catullus
921 3432 1097 3488 recentem
1122 3420 1279 3489 dolorem
1302 3433 1523 3502 memoraret,

244 3509 292 3576 ita
323 3503 626 3597 commovebatur,
664 3523 700 3578 ut
733 3509 766 3576 in
801 3508 1011 3578 lacrimando
1041 3509 1147 3577 fratre
1176 3533 1252 3578 av.
1276 3530 1321 3575 20
1343 3531 1455 3597 usque
1478 3510 1523 3578 ad

245 3621 277 3667 v.
302 3621 346 3687 24
379 3599 630 3667 sententiarum
661 3596 990 3686 digressionem
1021 3598 1224 3666 institueret.
1271 3599 1374 3682 Quae
1398 3600 1441 3667 ab
1466 3598 1523 3666 illa

243 3687 289 3755 de
314 3688 421 3755 rebus
444 3688 604 3756 venereis
627 3701 726 3777 parte
748 3697 817 3769 (vv.
839 3689 980 3777 15-19)
997 3688 1135 3756 omnino
1152 3687 1263 3755 aliena
1279 3699 1314 3756 et
1330 3687 1523 3756 abhorrens

245 3789 308 3845 est.
357 3775 456 3846 Cave
485 3800 588 3865 ergo,
623 3800 667 3846 ne
703 3799 809 3845 voces
839 3799 932 3845 »mea
959 3776 1094 3863 fregisti
1118 3778 1314 3844 commoda«
1338 3789 1373 3845 et
1394 3775 1524 3844 »omnia

244 3864 374 3954 gaudia
390 3879 519 3949 nostra,
546 3889 636 3955 quae
652 3878 734 3934 tuus
751 3922 757 3934 .
775 3917 781 3931 .
805 3865 896 3933 altus
912 3865 1027 3934 alebat
1043 3888 1154 3932 amor«
1174 3867 1218 3934 ad
1243 3865 1370 3934 amoris
1393 3865 1524 3952 gaudia

244 3953 277 4022 in
301 3978 358 4024 vv.
387 3977 517 4044 15-19
540 3967 810 4024 commemorata
837 3955 984 4037 referas,
1022 3955 1117 4042 quod
1148 3953 1228 4023 lecit
1252 3953 1524 4023 Skutschius

244 4042 277 4110 in
294 4043 432 4115 »Rhein
451 4045 556 4114 Mus«
576 4045 660 4132 1892
677 4068 710 4134 p.
727 4066 788 4133 147
814 4044 865 4128 (cf.
890 4045 934 4112 ad
959 4044 1025 4112 hoc
1041 4043 1079 4112 F.
1105 4042 1305 4112 Hermem
1330 4043 1362 4111 in
1379 4042 1523 4110 »Woch

244 4134 334 4202 schr.
351 4134 373 4202 f.
398 4135 444 4203 kl.
461 4133 562 4204 Phil«
585 4134 637 4202 IX
661 4158 693 4224 p.
724 4134 844 4222 ¹⁶6l7l·
892 4133 1000 4202 lmmo
1025 4156 1069 4201 ex
1094 4133 1151 4201 tali
1177 4155 1296 4201 errore
1320 4131 1461 4214 oriatur,
1485 4145 1523 4200 ut

244 4221 368 4310 aliquis
398 4223 539 4292 fratrem
569 4236 671 4291 antea
695 4222 835 4292 Catullo
866 4223 988 4291 ducem
1014 4221 1342 4309 conciliatoremque
1366 4243 1522 4289 amorum

242 4310 349 4379 fuisse
385 4312 585 4394 concludat,
628 4335 697 4400 quo
732 4324 869 4381 mortuo
902 4334 992 4381 nunc
1024 4312 1168 4379 »omnia«
1204 4309 1333 4379 Catulli
1367 4309 1521 4397 »gaudia

245 4421 334 4487 quae
361 4452 367 4467 .
394 4453 400 4468 .
427 4454 433 4468 .
460 4413 549 4484 etc.‹<,
574 4401 593 4468 i.
619 4424 648 4469 e.
675 4423 813 4469 amores
837 4414 871 4469 et
900 4400 1051 4483 licentia,
1084 4400 1291 4468 interissent.
1339 4399 1443 4485 Quod
1469 4410 1523 4466 est

354 4615 371 4681 ¹)
392 4616 478 4671 Errat
505 4615 595 4686 igitur
623 4615 659 4670 H.
678 4616 877 4685 MonsiuS,
902 4615 951 4686 qui
979 4615 1034 4670 hoc
1058 4615 1122 4669 loco
1139 4613 1313 4669 'dubiam
1339 4631 1444 4668 vocem
1466 4613 1523 4668 »lu-

242 4686 346 4742 dendi«
368 4705 436 4743 esse
454 4688 517 4743 vult
536 4685 574 4757 (p.
596 4688 647 4742 18.
