3656 5332
831 488 1048 554 ,60-

291 685 438 752 orbatus
469 694 573 750 esset.
627 681 707 750 Vox
738 682 941 752 »adimendi«
978 696 1094 752 autern
1127 681 1286 749 consulto
1316 681 1465 772 repetita
1496 706 1575 752 esse

294 772 443 840 videtur.
492 770 625 838 Contra
648 770 847 839 difficillime
878 795 935 840 vv.
958 774 1107 859 94—96
1130 770 1174 837 ad
1199 771 1351 858 priorem
1367 784 1502 859 partem
1519 773 1576 840 ad·

293 873 465 960 aptantur,
491 882 568 928 cum
593 859 626 926 in
651 884 682 928 v.
699 879 744 948 93
767 858 874 928 frater
890 860 966 949 ipse
990 863 1148 947 (»tecum‹<
1165 883 1196 926 v.
1213 865 1269 947 94)
1294 883 1363 927 non
1379 861 1575 949 appellatus

291 962 346 1034 s1t,
379 961 416 1016 ut
440 947 474 1016 in
505 973 537 1017 v,
561 971 622 1036 92,
655 949 699 1016 ad
730 971 836 1038 quem
865 971 1007 1018 versum
1011 971 1082 1106 M94
1105 970 1181 1036 sqq.
1213 948 1329 1037 potius
1359 962 1575 1032 annecteres,

292 1039 358 1106 nisi
381 1037 515 1106 numeri
540 1036 702 1138 modique
728 1037 963 1127 prohiberent.
1049 1037 1104 1105 ale
1128 1035 1234 1124 igitur
1266 1035 1298 1104 in
1323 1062 1355 1104 v.
1379 1060 1424 1126 94
1447 1038 1577 1126 legitur

294 1140 448 1194 »tecum«.
494 1125 586 1195 Tum
612 1148 645 1193 m
669 1150 701 1195 v,
717 1146 763 1226 93
787 1125 958 1202 Catullus,
984 1139 1021 1195 ut
1044 1125 1125 1209 dixi,
1150 1126 1330 1195 fratrem
1350 1126 1455 1212 dolet,
1481 1129 1575 1215 quod

293 1240 314 1284 e
340 1216 408 1284 vita
432 1237 557 1284 serena
581 1213 615 1282 in
640 1214 724 1284 Orci
753 1215 927 1285 tristitiam
951 1238 1088 1285 mersus
1112 1215 1171 1282 sit:
1196 1237 1278 1282 num
1301 1215 1379 1284 huic
1402 1216 1575 1299 continuo,

292 1303 416 1372 nulla
440 1302 679 1372 coniunctione
703 1304 856 1372 adhibita
875 1318 1158 1395 pentameter
1181 1303 1324 1391 adiungi
1346 1317 1477 1393 potest,
1503 1328 1574 1394 quo

293 1393 504 1484 depingitur,
528 1415 632 1481 quam
650 1393 757 1462 tristis
775 1393 953 1462 Catullo
970 1393 1023 1477 (cf.
1041 1416 1073 1462 v.
1089 1395 1146 1480 92)
1164 1392 1309 1480 eiusque
1325 1393 1443 1462 domui
1459 1395 1576 1464 fratris

294 1505 389 1552 mors
413 1481 540 1550 fuerit?
586 1481 707 1571 Itaque
733 1505 856 1551 versus
878 1485 1014 1571 94-96
1041 1481 1122 1550 mihi
1146 1504 1213 1550 non
1238 1484 1438 1570 probantur.
1485 1482 1575 1550 Nam

294 1584 374 1664 post
390 1595 430 1670 ιν.
446 1592 491 1659 93
515 1570 790 1660 exspectandum
814 1594 894 1641 esse
911 1572 1060 1640 arbitror
1075 1581 1339 1659 pentametrum,
1362 1594 1443 1660 qu0,
1466 1593 1580 1659 quare

294 1674 364 1729 tam
389 1659 579 1727 iocunda
600 1659 697 1727 fratri
713 1659 815 1728 suerit
830 1660 911 1741 vita,
936 1659 1137 1749 explicetur.
1183 1658 1285 1727 Hunc
1302 1671 1416 1728 autem
1434 1682 1574 1730 versum

243 1763 247 1768 ’
294 1749 327 1817 in
351 1747 446 1816 libris
470 1770 571 1816 mser.
595 1746 723 1816 iamdiu
749 1749 918 1818 defecisse
940 1762 1024 1839 puto
1048 1761 1153 1838 atque
1169 1747 1275 1837 igitur
1297 1771 1423 1818 versus
1439 1772 1482 1817 22
1498 1772 1574 1839 sqq.

293 1842 346 1925 l-
363 1860 442 1906 nam
456 1860 488 1905 v.
502 1860 542 1904 21
558 1850 702 1926 propter
713 1861 878 1907 numeros
891 1839 993 1907 inseri
1007 1861 1076 1906 non
1089 1837 1200 1926 potuit
1218 1839 1268 1920 -)
1285 1838 1330 1905 ad
1350 1837 1445 1906 illum
1461 1838 1573 1908 locum

293 1927 481 1996 translatos
505 1948 595 1993 esse.
644 1925 782 2011 Quodsi
806 1927 958 1996 tollimus
981 1952 1037 1994 vv.
1061 1927 1206 2016 94—96,
1230 1925 1314 1994 illud
1342 1949 1461 2014 »quem
1484 1951 1574 1996 nunc

295 2039 386 2106 sqq«
410 2017 455 2100 (ν.
479 2023 535 2103 97)
564 2015 694 2103 optime
726 2017 769 2083 ad
795 2017 947 2105 logicum
972 2017 1165 2084 subiectum
1190 2037 1355 2083 versuum
1377 2021 1497 2105 93)(4),
1531 2017 1575 2084 ad

293 2106 473 2186 »fratrem«,
490 2103 711 2171 referendum
729 2117 792 2188 est,
815 2128 893 2172 cum
910 2129 1000 2174 nunc
1016 2126 1201 2193 perperam
1219 2109 1263 2172 ad
1279 2127 1401 2173 vocem
1419 2105 1575 2174 »amoris«

293 2197 340 2276 (v.
353 2195 409 2280 96)
422 2191 596 2281 pertinere
609 2192 779 2260 videatur.
804 2192 862 2262 Sic
875 2194 980 2280 igitur
992 2194 1106 2261 locum
1119 2192 1370 2261 restituendum
1384 2215 1464 2262 esse
1473 2207 1575 2283 puto:

455 2304 606 2370 »quaene
632 2281 736 2350 etiam
760 2295 880 2351 nostro
904 2282 1011 2351 letum
1035 2280 1232 2349 miserabile
1256 2281 1353 2349 fratri

455 2369 583 2438 attulit:
609 2370 640 2437 ei
665 2369 793 2440 misero
816 2371 923 2440 frater
947 2371 1110 2459 adempte
1133 2369 1232 2438 mihil

455 2459 486 2526 ei
511 2457 639 2526 misero
662 2458 758 2526 fratri
781 2459 967 2528 iocundum
992 2462 1108 2527 lumen
1132 2460 1343 2548 ademptum,

456 2588 498 2594 -
522 2587 766 2596 -----
790 2566 1258 2637 ΜΜῌ----

456 2658 558 2723 quem
583 2658 672 2704 nunc
697 2650 766 2705 tam
791 2637 897 2724 longe
920 2640 1013 2722 (etc.)
1061 2691 1289 2705 .....
1293 2667 1315 2704 «.

295 2725 389 2795 Tum
423 2748 508 2793 vero
542 2725 670 2793 laetum
703 2726 818 2794 fratris
850 2726 942 2794 vitae
965 2728 1111 2794 »lumen«
1134 2726 1278 2813 pulchre
1309 2727 1341 2792 in
1366 2725 1575 2792 contrarium

295 2814 403 2883 tristis
427 2813 579 2903 sepulcri
603 2814 636 2881 in
659 2815 801 2883 deserto
825 2815 924 2883 litore
947 2815 1076 2883 Troiae
1100 2814 1155 2883 siti
1180 2813 1317 2900 legitur.

402 2902 467 2972 His
483 2916 618 2992 septem
636 2904 908 2991 quaestionibus,
934 2927 1021 2993 quas
1037 2903 1194 2992 singulas
1211 2925 1278 2969 non
1295 2915 1365 2970 tam
1380 2901 1504 2988 gravia
1524 2923 1575 2968 se-

296 2992 551 3061 cernendorum
576 2992 765 3059 carminum
783 3006 989 3080 argumenta
1006 3015 1087 3060 esse
1103 3013 1230 3059 censeo
1254 3012 1359 3078 quarn
1376 2990 1485 3079 ipsam
1503 3013 1576 3058 ver-

295 3103 398 3148 suum
425 3100 533 3164 1—40
556 3079 849 3168 explorationem,
875 3081 1029 3150 breviter
1060 3081 1214 3148 tractatis
1244 3091 1369 3161 restat,
1402 3091 1439 3148 ut
1468 3078 1575 3146 rela-

297 3169 443 3237 tiones
468 3190 617 3256 quoque,
643 3190 733 3257 quae
758 3169 845 3237 inter
862 3192 890 3237 c.
907 3169 1068 3237 LXVllla
1084 3171 1148 3237 etb
1169 3169 1385 3237 intercedere
1406 3166 1575 3250 dicuntur,

296 3256 522 3345 inspiciamus
545 3256 599 3336 (cf.
624 3256 838 3325 Weisium
866 3259 951 3347 1863
974 3281 1006 3347 p.
1028 3281 1088 3340 213
1113 3259 1315 3345 Magnum
1339 3257 1372 3324 in
1396 3255 1460 3325 »Fr
1477 3255 1577 3342 J.·B.‹<

300 3346 387 3435 1875
410 3367 442 3435 p.
467 3346 531 3446 851
557 3359 593 3414 et
615 3346 697 3435 853;
723 3345 1048 3435 Kiesslingiuin
1072 3371 1104 3436 p.
1133 3348 1190 3428 16;
1219 3346 1416 3415 Riesium
1440 3369 1473 3434 p.
1493 3345 1574 3429 218;

295 3435 1576 3525 Skutscbrump.149;Schoelliump.471;Palmerump.347;

295 3523 534 3592 Weberum
559 3547 592 3612 p.
621 3546 683 3592 112
707 3538 741 3592 et
768 3534 853 3614 115).

402 3611 556 3680 Primum
580 3613 670 3680 enim
694 3614 814 3681 volunt
839 3636 980 3682 versum
1010 3635 1071 3702 ¹49
1094 3616 1138 3680 ad
1164 3637 1195 3681 v.
1220 3635 1263 3701 32
1286 3613 1476 3700 pertinere:

298 3723 377 3789 149:
402 3701 482 3769 »hoc
499 3701 569 3784 tibi,
588 3703 681 3790 quod
698 3703 805 3791 potui,
830 3725 907 3770 con·
935 3707 937 3811 l
963 3725 1023 3791 32:
1053 3705 1154 3771 »haec
1186 3701 1245 3770 tibi
1269 3724 1337 3768 non
1361 3701 1475 3768 tribuo
1499 3722 1576 3769 mu-

340 3789 468 3858 fectum
486 3790 637 3858 carmine
654 3812 821 3871 munus,
839 3791 908 3859 Pro
1009 3815 1129 3872 nera,
1154 3813 1233 3859 cum
1257 3812 1418 3878 nequeo«.

342 3879 458 3946 multis
484 3933 490 3947 .
517 3935 523 3946 .
551 3936 556 3946 .
582 3879 738 3947 redditur
762 3881 907 3949 officiis«.

401 3967 475 4036 Sed
505 3967 654 4036 vidimus
686 3992 809 4037 vocem
845 3993 1056 4038 »munerum«
1086 3970 1130 4056 (v.
1154 3970 1211 4057 32)
1243 3966 1286 4035 ad
1319 3988 1475 4033 »munera
1506 3964 1577 4032 Ve-

296 4056 429 4125 neris«
452 4056 670 4125 referendam
695 4080 775 4126 esse
803 4059 858 4145 (cf.
883 4083 915 4147 p.
941 4063 998 4147 43)
1007 4084 1015 4141 ;
1047 4058 1080 4125 in
1112 4083 1143 4126 v.
1172 4079 1235 4145 149
1259 4069 1373 4124 autem
1406 4055 1450 4122 de
1474 4054 1576 4133 donn,

297 4145 389 4233 quod
407 4158 576 4215 constete
595 4147 801 4230 carmine,
820 4147 944 4216 disseri
958 4170 1001 4214 ex
1015 4147 1099 4236 ipsis
1111 4146 1229 4213 verbis
1241 4143 1463 4230 intellegitur.
1488 4143 1575 4210 Illud

295 4235 403 4321 »quod
434 4232 545 4323 potui«
575 4246 691 4303 autem
723 4258 790 4304 non
822 4236 868 4303 ad
898 4258 1042 4304 munera
1073 4235 1261 4323 quaedam,
1293 4256 1385 4322 quae
1416 4231 1577 4301 Catullus

297 4335 479 4410 praestare
495 4323 659 4412 nequivit,
677 4337 822 4413 spectat,
847 4325 911 4393 sed
928 4325 972 4393 ad
987 4345 1141 4414 sequens
1156 4346 1234 4413 »pro
1251 4322 1368 4391 multis
1385 4376 1392 4390 .
1407 4377 1413 4391 .
1431 4320 1577 4402 officiis«,

296 4433 386 4499 quae
411 4434 453 4478 ae
480 4435 524 4480 uo
548 4412 641 4480 dono
664 4436 704 4481 se
728 4436 957 4502 compensare
981 4436 1086 4503 posse
1110 4413 1269 4482 modeste
1293 4423 1396 4501 poeta
1420 4422 1537 4498 negat.

402 4434 542 4569 Nuilius
566 4501 691 4570 deinde
716 4503 880 4571 momenti
905 4515 968 4585 est,
994 4503 1087 4590 quod
1112 4500 1266 4570 nonnulli
1285 4503 1395 4568 verba
1417 4502 1497 4568 »bos
1523 4498 1578 4566 itis

298 4587 463 4657 officium«
496 4592 541 4674 (ν.
570 4599 623 4672 12)
656 4613 733 4658 cum
767 4591 826 4659 illo
860 4595 905 4680 (v,
934 4601 1010 4681 150)
1042 4614 1120 4680 »pro
1144 4589 1271 4672 multiS,
1300 4589 1387 4673 Alli,
1422 4589 1485 4657 red
1511 4587 1579 4656 itur
