3656 5332
841 543 1062 632 ..38-

304 738 630 828 perversissimum,
656 760 733 806 cum
758 760 814 806 vv.
838 759 981 824 20-24,
1006 735 1132 804 secreti
1156 758 1176 803 a
1201 735 1490 825 praecedentibus
1515 750 1549 803 et
1573 759 1595 804 a

313 827 550 916 sequentibus,
574 826 691 896 verbis
707 825 807 895 nimis
822 826 972 894 fortasse
987 823 1255 894 lamentantibus
1271 823 1519 892 demissionem
1536 825 1592 893 de-

312 916 616 1006 sperationemque
630 913 758 984 Catulli
774 915 808 983 in
824 914 1025 983 universum
1042 913 1241 1004 depingant,
1259 914 1352 1003 quod
1369 913 1593 982 confirmatur

313 1027 418 1073 versu
441 1028 501 1093 24:
533 1017 662 1072 »tecum
694 1027 762 1073 una
793 1016 864 1072 tota
897 1016 951 1071 est
975 1015 1094 1071 nostra
1117 1003 1254 1092 sepulta
1279 1003 1417 1070 domus«
1440 1003 1547 1090 longe
1571 1027 1592 1071 a

313 1093 492 1163 sententiis
526 1115 682 1161 amorum
717 1106 861 1161 remoto.
908 1093 985 1161 Hac
1016 1103 1131 1160 autem
1167 1114 1273 1160 causa
1305 1103 1424 1160 natum
1455 1104 1522 1176 est,
1554 1106 1592 1160 ut

313 1195 417 1274 poeta
453 1195 586 1273 partem
618 1182 662 1250 de
686 1180 849 1250 »Veneris
883 1181 1099 1249 muneribus«
1131 1193 1312 1268 agentem,
1344 1203 1434 1270 quae
1464 1180 1522 1248 illa
1545 1181 1590 1248 di·

313 1271 499 1360 gressione
537 1271 729 1360 interrupta
768 1284 878 1351 esset,
918 1271 1033 1338 denuo
1071 1270 1233 1338 versibus
1266 1271 1370 1359 25l²⁶
1399 1269 1556 1358 recipere
1566 1271 1593 1358 1)

314 1374 476 1449 cogatur,
512 1359 571 1448 qui
601 1382 669 1428 non
702 1360 805 1427 modo
834 1358 1064 1446 argumentis,
1089 1359 1152 1427 sed
1183 1359 1287 1427 etiam
1318 1358 1442 1448 partim
1473 1359 1591 1428 verbis

303 1449 473 1529 simillimi
518 1462 598 1518 sunt
643 1471 808 1517 versuum
859 1453 958 1536 19l20
1002 1448 1212 1530 (»hoc-haec;
1260 1459 1474 1530 totum-tota;
1522 1460 1591 1516 stu·

313 1539 574 1626 dium-studia<‹).
622 1538 730 1606 Erant
753 1550 885 1620 autem,
922 1537 978 1625 qui
1010 1549 1153 1626 propter
1176 1560 1358 1606 numerum
1383 1537 1592 1626 plurativum

315 1628 456 1696 »studia«
493 1627 526 1695 in
555 1651 587 1695 v.
619 1628 663 1693 26
698 1639 838 1716 praeter
868 1627 1031 1693 »Veneris
1064 1626 1231 1695 studium«
1262 1625 1364 1694 etiam
1397 1626 1591 1694 »Musarum

315 1717 482 1786 studium«
513 1716 784 1803 intellegendum
819 1737 898 1784 esse
929 1715 1079 1783 animum
1103 1715 1306 1784 inducerent
1329 1716 1519 1784 secundum
1545 1715 1592 1783 bi-

314 1805 532 1896 partitionem
567 1805 601 1872 in
636 1828 667 1873 v.
696 1827 736 1872 10
771 1816 956 1893 repertam.
1003 1804 1075 1872 Sed
1111 1827 1189 1873 cum
1220 1827 1333 1894 neque
1366 1804 1399 1872 in
1431 1804 1592 1873 versibus

314 1895 604 1984 praecedentibus
636 1917 750 1982 neque
780 1893 814 1960 in
845 1893 1071 1982 sequentibus
1104 1896 1173 1980 (vv.
1205 1898 1351 1982 27—30)
1382 1933 1421 1942 --
1455 1893 1591 1982 quibuS,

313 1985 408 2073 quod
432 1983 518 2052 insra
543 1983 741 2072 explicabo,
778 1982 847 2050 tale
882 1982 1129 2051 sententiarum
1164 1985 1419 2051 turbamentum
1452 1983 1592 2050 omnino

315 2073 509 2141 excluditur
534 2111 572 2120 -
596 2094 744 2160 usquam
760 2073 940 2140 Musarum
964 2072 1021 2140 vel
1046 2071 1163 2160 poesis
1188 2072 1352 2160 cogitatio
1377 2071 1591 2154 intercurrat,

313 2161 388 2231 fieri
411 2184 479 2228 non
503 2171 633 2250 potest,
651 2207 652 2210 κ
668 2160 747 2249 quin
772 2160 830 2228 illa
861 2160 976 2250 opinio
1006 2161 1218 2250 repudietur.
1280 2160 1429 2229 Veneris
1463 2161 1593 2248 gaudia

315 2262 429 2318 autem
446 2250 479 2316 in
496 2272 552 2316 vv.
569 2251 673 2338 25l2⁶
696 2249 930 2336 intellegenda
954 2272 1034 2318 esse
1058 2249 1160 2318 etiam
1185 2251 1302 2318 verbis
1325 2249 1450 2317 additis
1473 2262 1593 2339 »atque

314 2360 436 2407 omnes
470 2337 669 2406 delicias
700 2337 816 2405 animi«
847 2352 1006 2428 apparet,
1042 2361 1119 2407 cum
1151 2363 1221 2406 vox
1245 2339 1475 2408 »deliciarum«
1499 2339 1592 2428 apud

315 2426 491 2496 Catullum
508 2425 542 2494 in
567 2426 663 2494 rimis
680 2427 723 2493 ad
736 2426 885 2494 lascivas
902 2428 1100 2516 voluptates
1117 2440 1268 2516 spectet:
1288 2429 1328 2496 cf.
1343 2451 1371 2496 c.
1386 2426 1591 2512 LXXlVl2;

315 2514 488 2602 XLVJ24;
557 2513 714 2598 XXIMa:
751 2514 837 2599 Vll1
871 2514 1160 2602 (Skutschius
1193 2523 1212 2584 l.
1244 2541 1272 2585 c.
1304 2540 1337 2606 p.
1365 2539 1406 2603 14
1458 2530 1591 2599 annot,

316 2603 486 2672 Birtius
519 2627 550 2692 p.
581 2625 636 2688 103
669 2604 887 2672 Weberus
915 2628 948 2694 p.
976 2623 1056 2688 112;'
1088 2606 1127 2673 cf.
1162 2605 1265 2673 etiam
1302 2606 1352 2673 A.·
1431 2604 1591 2673 cisium

315 2717 366 2782 pr.
395 2694 480 2782 1869
503 2716 535 2782 p.
563 2707 626 2778 14).
674 2693 805 2762 Verum
833 2693 971 2762 minime
994 2694 1073 2762 licet
1097 2695 1203 2762 verba
1226 2695 1283 2763 illa
1307 2695 1353 2764 ita
1376 2693 1592 2781 disiungere,

315 2795 353 2850 ut
386 2784 487 2850 »haec
521 2781 649 2850 studia«
684 2782 871 2850 carminum
905 2783 1018 2851 studia
1053 2805 1133 2852 esse
1168 2785 1392 2872 perhibeatur
1426 2784 1591 2867 (Munro

315 2895 348 2961 p.
376 2872 439 2938 168
462 2879 529 2958 sq,
561 2868 792 2940 Weberus
820 2873 841 2940 l.
871 2874 929 2959 c),
961 2872 1132 2940 »delicias«
1156 2886 1272 2941 autem
1304 2872 1432 2941 amoris
1463 2872 1594 2960 gaudia

316 2961 551 3048 (Baehrens
581 2961 625 3028 ad
650 2983 681 3030 V.
706 2962 809 3050 25l6t.
856 2961 945 3028 Nam
971 2961 1095 3050 copula
1119 2974 1253 3051 »atque«
1277 2962 1446 3030 indicatur
1469 2983 1593 3030 vocem

316 3049 544 3117 »deliciarum«
569 3049 672 3116 etiam
696 3049 754 3117 illa
776 3051 918 3118 »studia«
942 3050 1113 3140 amplecti,
1139 3072 1216 3119 cum
1241 3052 1328 3119 haec
1352 3051 1487 3118 illarum
1511 3062 1592 3119 tam·

316 3158 419 3292 quam
443 3159 526 3226 pars
550 3137 626 3205 sint.
660 3137 865 3205 Tenendum
890 3139 995 3226 igitur
1019 3152 1072 3208 est
1096 3163 1183 3208 voce
1207 3141 1350 3216 »studia«
1374 3140 1465 3215 idem
1489 3139 1593 3227 signi·

341 3226 411 3293 cari
435 3238 540 3314 atque
559 3249 647 3295 voce
671 3227 851 3294 »studium«
875 3227 907 3295 in
931 3252 963 3296 v.
992 3250 1040 3316 19.
1074 3227 1256 3296 Pluralem
1273 3243 1388 3297 autem
1413 3251 1593 3296 numerum

317 3315 361 3382 ad
385 3337 507 3382 unam
533 3315 800 3405 propensionem
817 3317 927 3384 solam
944 3317 1176 3385 denotandam
1194 3318 1226 3385 in
1244 3341 1309 3386 usu
1327 3341 1408 3386 esse
1425 3317 1595 3387 Birtius

317 3403 362 3487 (in
397 3427 430 3492 p.
465 3406 517 3490 10)
553 3404 723 3493 exemplis
758 3405 931 3474 stabilivit.
989 3406 1044 3474 Ne
1083 3420 1198 3474 autem
1239 3407 1377 3475 minima
1415 3419 1594 3475 remaneat

317 3492 500 3578 dubitati0,
533 3516 662 3561 verene
691 3495 792 3561 »haec
825 3495 952 3562 studia«
984 3495 1018 3562 in
1044 3518 1074 3562 v.
1100 3496 1144 3562 26
1167 3496 1210 3562 ad
1244 3485 1400 3564 aniorem
1424 3508 1612 3585 spectent,

317 3606 481 3651 versuum
506 3582 725 3670 sequentium
742 3605 875 3670 27-30
892 3585 1182 3672 contemplatione
1199 3583 1352 3653 efficitur.
1389 3584 1470 3670 Quo
1491 3608 1593 3653 enun-

317 3672 401 3739 tiato
426 3694 513 3738 voce
536 3693 673 3758 »quare«
697 3671 812 3738 versui
836 3674 880 3739 26
903 3672 1019 3740 addito
1043 3674 1172 3762 optime
1196 3674 1464 3757 demonstratur,
1490 3696 1594 3763 quam

317 3760 469 3849 ineptum
495 3758 547 3839 sit,
572 3759 661 3827 inter
685 3759 812 3828 seriem
836 3762 1084 3830 sententiarum
1108 3761 1206 3829 firme
1227 3774 1479 3845 contextarum,
1504 3785 1594 3851 quae

317 3871 440 3916 omnes
463 3848 537 3916 sine
563 3849 767 3939 exceptione
792 3851 836 3918 ad
859 3849 916 3918 illa
939 3874 1096 3919 »munera
1115 3849 1275 3919 Veneris«
1300 3852 1481 3940 pertinent,
1506 3875 1593 3920 »car-

318 3937 460 4005 minum«
484 3939 654 4006 emblema
678 3939 870 4008 intericere.
911 3939 1022 4007 Nemo
1045 3939 1133 4007 enim
1158 3939 1250 4006 dicat
1267 3942 1394 4008 bonum
1413 3963 1595 4043 argumen-

318 4027 430 4094 torum
455 4049 649 4097 connexum
673 4029 833 4117 praeberi
855 4051 909 4096 ex.
926 4051 978 4117 gr.
997 4053 1049 4110 e0,
1075 4030 1168 4116 quod
1185 4028 1231 4096 M.
1249 4028 1526 4098 Schmidttus
1550 4031 1594 4106 (in

317 4115 450 4184 »Fleck.
474 4116 572 4201 J.·B«
600 4118 683 4184 1880
706 4140 739 4206 p.
765 4119 840 4206 783)
864 4118 1060 4207 proposuit:
1095 4118 1170 4186 »mit
1199 4118 1391 4186 erotischer
1419 4119 1595 4187 Poesie

316 4206 408 4273 habe
440 4228 478 4273 er
508 4205 619 4273 nichts
648 4229 693 4273 zu
717 4207 817 4288 thun;
853 4206 991 4274 Verona
1015 4207 1065 4274 sei
1089 4208 1143 4274 fiir
1167 4206 1224 4275 ihn
1249 4207 1312 4274 der
1336 4209 1456 4276 rechte
1481 4207 1594 4276 Ort«.

318 4293 448 4361 Verum
479 4295 640 4362 versibus
663 4317 797 4384 27—30
827 4295 974 4384 simplex
1003 4297 1090 4363 ordo
1114 4296 1362 4363 sententiarum
1388 4299 1431 4364 ad
1457 4317 1595 4364 amores

318 4442 530 4449 -ν---ψ-

429 4525 447 4587 “)
468 4528 570 4598 Neque
598 4545 721 4583 necesse
749 4537 795 4583 est
821 4545 875 4582 nos
900 4529 975 4582 hanc
1001 4528 1206 4597 repetitionem
1233 4545 1286 4597 per
1310 4527 1506 4583 imitationem
1527 4529 1595 4583 Ale·

318 4598 529 4654 xandrinorum
543 4601 676 4654 consulto
689 4599 852 4654 institutam
866 4616 934 4653 esse
948 4599 1054 4666 dicere,
1075 4610 1105 4653 ut
1125 4599 1155 4653 P.
1176 4597 1337 4653 Weiden
1347 4598 1510 4654 bachius
1528 4598 1596 4654 lecit

318 4671 347 4724 in
367 4670 428 4724 diss
457 4686 483 4738 p.
502 4686 538 4738 33
557 4686 610 4739 sq..
627 4688 694 4725 cum
715 4671 814 4740 potius
833 4669 898 4740 ipso
918 4687 1016 4725 rerum
1037 4672 1140 4725 ordine
1160 4670 1302 4726 declarari
1322 4670 1425 4741 possit·
