3656 5332
758 533 979 602 ..57..

228 731 262 864 p.
290 709 372 796 tgl).
419 707 486 776 Ubi
510 707 748 776 demonstravi
778 707 844 775 hoc
869 719 1112 794 argumentum
1145 707 1414 863 haudquarpuam
1438 718 1509 774 tam

243 818 309 864 eve
334 819 423 880 esse,
473 819 553 865 uam
571 795 708 865 unitarii
725 795 941 878 simulabant,
967 808 1004 863 ut
1021 795 1205 864 molestum
1223 794 1315 885 impe
1342 795 1508 864 imentum

229 885 389 954 tollerent
419 819 472 965 (ci.
497 883 664 974 Magnum
689 885 722 952 iu
746 883 900 970 ›>J.·Ber.«
927 883 1058 973 1887s11
1089 906 1121 973 p.
1152 907 1227 973 15i;
1260 897 1380 952 contra
1404 883 1508 952 Birt.

168 1026 173 1037 .
229 997 262 1062 p.
291 977 352 1057 16).
400 973 489 1042 Nam
515 975 575 1056 εἰς,
608 973 667 1062 qui
691 997 720 1042 c.
745 972 892 1042 LXVIII
924 996 1036 1055 unum¹
1061 973 1281 1061 solidumque
1312 995 1392 1041 esse
1424 972 1510 1041 arbi·

230 1075 372 1147 trantur,
398 1076 456 1131 aut
481 1063 550 1132 duo
574 1062 749 1151 gentilicia
783 1062 815 1130 in
847 1084 951 1131 unum
985 1062 1159 1131 hominem
1192 1062 1400 1130 conserenda
1431 1076 1511 1130 sunt

230 1164 289 1219 aut
312 1152 459 1221 alterum
485 1173 606 1220 eorum
629 1151 942 1220 emendationibus
960 1150 1155 1220 temerariis
1179 1153 1235 1218 vel
1269 1151 1420 1220 sermoni
1445 1149 1510 1218 Ca·

230 1240 372 1308 tulliano
397 1240 578 1309 contrariis
594 1241 802 1309 abolendum
826 1254 889 1310 est.
939 1239 1029 1309 Cum
1055 1240 1130 1308 aliis
1155 1239 1260 1327 igitur
1276 1240 1390 1309 causis
1407 1240 1509 1308 etiam

230 1328 406 1396 nominum
445 1328 631 1398 diversitas
669 1329 713 1397 ad
751 1342 870 1418 partes
909 1329 1070 1398 carminis
1109 1328 1336 1397 dissecandas
1381 1329 1510 1418 aliquid

186 1463 190 1473 -
230 1418 349 1486 valere
373 1418 521 1487 videtur.

338 1523 518 1594 Sextum
553 1548 692 1614 quoque
716 1525 855 1594 Riesii
888 1537 1131 1613 argumentum
1162 1526 1206 1593 de
1230 1524 1322 1592 malo
1346 1546 1510 1593 versuum

230 1633 274 1699 40
298 1627 333 1682 et
355 1636 396 1700 41
429 1637 565 1682 conexu
595 1636 707 1702 agens
738 1615 805 1684 iam
837 1615 1090 1716 disputavimus
1113 1614 1166 1698 (cf.
1191 1637 1224 1702 p.
1249 1615 1304 1714 56)
1334 1636 1447 1700 aeque
1471 1636 1511 1680 ac

231 1703 487 1787 secundum,
520 1726 717 1793 quoquam
747 1704 920 1773 mutabilis
951 1703 1110 1772 videatur
1142 1702 1269 1771 Catulli
1301 1725 1388 1791 erga
1420 1724 1510 1771 amo·

230 1813 288 1858 res
311 1791 456 1873 animuS,
481 1805 641 1861 monetur
666 1793 719 1876 (cf.
744 1816 776 1882 p.
800 1814 845 1882 54
865 1799 940 1881 sq.).
988 1792 1093 1878 Quod
1122 1815 1227 1880 porro
1259 1792 1302 1859 ad
1364 1790 1512 1859 rimam

232 1879 281 1947 Ri
291 1903 310 1948 e
319 1902 336 1947 s
345 1880 372 1948 ii
387 1881 626 1969 quaestionem
639 1883 769 1964 attinet,
784 1882 853 1949 duo
866 1894 980 1949 errata
994 1903 1036 1948 ea
1049 1893 1300 1969 proponuntur.
1315 1815 1408 1947 llicit
1420 1880 1510 1948 enim

230 1968 287 2038 ille
323 1982 575 2050 commentator
609 1970 838 2059 separationis
872 1969 977 2036 fidem
1014 1992 1056 2037 eo
1091 1990 1231 2057 quoque
1265 1967 1356 2050 fieri,
1398 1968 1511 2056 quod

230 2080 370 2126 »munus
394 2058 583 2147 poeticum«
611 2059 645 2126 in
669 2081 697 2126 c.
722 2056 884 2126 vassr
906 2070 1072 2126 renuatur
1103 2061 1148 2140 (v.
1180 2079 1221 2143 14
1250 2070 1285 2125 et
1316 2060 1390 2144 32),
1425 2057 1458 2124 in
1483 2080 1511 2126 c.

230 2144 394 2214 LXVIIIb
418 2149 462 2234 (v.
491 2148 566 2235 149)
620 2160 802 2216 raestetur.
850 2145 923 2216 Sed
947 2150 977 2232 1)
1001 2146 1060 2215 ubi
1083 2169 1249 2214 versuum
1277 2167 1317 2232 14
1342 2157 1376 2214 et
1400 2168 1443 2234 32
1467 2146 1512 2214 de

230 2257 388 2303 »munere
405 2234 557 2324 poetico«
582 2171 743 2305 datutlus
768 2237 903 2305 locutus
920 2248 974 2304 est
998 2236 1052 2318 (cf.
1074 2258 1106 2324 p.
1124 2257 1164 2324 51
1191 2247 1226 2302 et
1247 2256 1292 2323 43
1308 2236 1400 2323 sq.)?
1447 2233 1512 2302 Ce-

231 2336 360 2406 terum,
397 2323 426 2393 si
457 2336 589 2406 tamen,
625 2325 719 2414 quod
754 2347 922 2414 perverse
952 2324 1028 2393 fieri
1063 2323 1227 2405 indicavi,
1263 2325 1374 2393 verba
1407 2323 1512 2390 »dona

233 2414 349 2481 beata«
373 2425 407 2480 et
431 2413 532 2482 »haec
550 2468 557 2482 .
577 2471 582 2482 .
601 2437 757 2482 munera«
781 2414 825 2482 ad
843 2414 995 2482 carmina
1010 2414 1152 2497 referas,
1178 2412 1317 2482 minime
1333 2411 1395 2481 tibi
1411 2413 1513 2481 liceat

233 2501 427 2589 neglegere
465 2515 604 2592 poetam
644 2504 828 2592 utrobique
867 2503 992 2593 plurali
1031 2525 1132 2571 usum
1168 2523 1264 2588 esse,
1305 2514 1343 2570 ut
1381 2501 1513 2570 diceret

233 2613 407 2660 »munera«
431 2605 465 2660 et
488 2592 617 2661 »dona«.
666 2592 755 2660 Nam
780 2593 809 2661 si
833 2593 911 2682 quis
935 2593 1030 2662 hisce
1050 2592 1135 2661 locis
1160 2591 1374 2679 singularem
1397 2614 1512 2659 nume·

229 2701 306 2746 rum
323 2681 449 2762 subdit,
466 2694 503 2748 ut
516 2682 560 2750 de
576 2705 748 2750 »munere«
761 2683 920 2768 disserat,
938 2704 1083 2770 pravam
1097 2680 1362 2768 cogitationem:
1381 2679 1511 2748 Allium

233 2781 399 2836 certum
429 2769 603 2856 quoddam
635 2770 763 2838 donum
796 2771 970 2859 poeticum
1001 2770 1181 2858 flagitasse
1212 2769 1363 2837 adiuvat.
1411 2768 1513 2836 Prae·

230 2869 327 2924 terea
351 2862 384 2943 2)
410 2857 589 2927 Riesius
612 2881 796 2947 perperam
819 2881 903 2927 »non
926 2858 1121 2946 utriusque«
1143 2881 1208 2946 pro
1224 2880 1312 2926 voce
1328 2857 1513 2926 »neutrius«

232 2945 303 3032 legi
329 2946 445 3014 voluit.
494 2947 587 3032 Quid
613 2959 728 3015 autem
753 2948 797 3016 de
821 2946 1056 3029 relationibus
1082 2969 1173 3035 quae
1189 2947 1277 3015 inter
1294 2946 1352 3014 illa
1369 2969 1513 3014 munera

231 3034 264 3101 in
296 3057 324 3103 c.
355 3031 517 3104 vassu
540 3059 708 3105 concessa
739 3050 774 3105 et
805 3036 894 3105 inter
925 3035 1085 3104 carminis
1116 3034 1280 3103 LXVIIIb
1306 3047 1514 3123 argumenta

233 3123 449 3192 intercedere
473 3125 652 3208 videntur,
677 3126 890 3194 censendum
914 3126 975 3209 sit,
1000 3125 1068 3193 iam
1092 3124 1178 3194 satis
1202 3123 1377 3214 disputavi
1401 3133 1445 3213 (p.
1470 3146 1515 3214 53

233 3217 335 3368 sqq.{3
359 3236 435 3313 cum
461 3216 683 3283 ostenderem
707 3214 754 3282 ita
777 3238 917 3303 quoque
934 3214 1122 3284 carminum
1144 3213 1407 3282 disiunctionem
1425 3237 1514 3282 com-

233 3323 311 3368 men
339 3324 398 3369 ari.

338 3389 444 3458 Haud
477 3391 523 3459 ita
558 3391 676 3479 magni
711 3405 827 3460 autem
863 3391 1078 3459 aestimanda
1111 3403 1165 3458 est
1201 3391 1336 3458 tertia
1371 3390 1513 3459 Riesii

232 3478 434 3566 propositi0,
460 3502 528 3568 qua
551 3483 660 3550 verba
684 3481 877 3549 »desertum
901 3480 934 3547 in
959 3479 1048 3548 lecto
1073 3479 1221 3547 caelibe«
1244 3481 1288 3564 (v,
1306 3481 1340 3566 6)
1365 3492 1399 3547 et
1415 3478 1514 3547 »Sitis

230 3566 349 3634 felices
383 3582 417 3635 et
450 3581 486 3636 tu
510 3569 612 3637 simul
636 3583 670 3638 et
699 3583 757 3638 tua
786 3569 870 3637 vita«
901 3573 946 3655 (v,
977 3570 1051 3658 155)
1082 3567 1148 3637 sibi
1176 3567 1317 3635 officere
1341 3567 1512 3636 statuitur.

232 3654 310 3722 Hoc
345 3656 436 3724 enim
468 3681 573 3726 versu
604 3658 766 3727 Catullus
801 3659 913 3727 amico
949 3657 1094 3746 eiusque
1130 3669 1266 3725 amatae
1276 3661 1300 3744 1)
1336 3657 1449 3725 fausta
1480 3657 1513 3725 in

232 3744 383 3813 futurum
415 3758 512 3835 optat
543 3759 578 3815 et
608 3748 789 3818 ominatur.
837 3747 962 3830 Immo,
996 3747 1025 3815 si
1055 3759 1161 3835 poeta
1191 3746 1224 3814 in
1249 3770 1281 3813 v.
1305 3748 1328 3813 6
1356 3769 1440 3815 vere
1469 3747 1514 3814 de

231 3855 342 3902 uxore
367 3835 423 3902 vel
448 3849 562 3904 amata
593 3836 635 3903 in
668 3849 892 3905 aeternum
924 3836 1089 3904 amissa
1119 3835 1256 3904 locutus
1284 3848 1395 3916 esset,
1427 3837 1513 3904 haec

232 3946 300 3990 una
325 3945 430 3992 causa
455 3925 630 3994 sufficeret
654 3926 698 3993 ad
714 3925 866 3995 carmina
883 3924 1160 4012 disiungenda2).
1193 3923 1286 4009 Quia
1302 3937 1418 3992 autem
1435 3923 1514 3992 talis

233 4071 444 4080 ——.-.-—..-—.

341 4138 361 4198 ¹l
381 4141 463 4198 Haec
483 4143 520 4196 de
545 4143 710 4212 coniuge
736 4142 812 4197 dicta
839 4159 907 4196 esse
932 4156 1026 4210 nego,
1055 4140 1124 4211 quia
1148 4158 1208 4194 vox
1235 4139 1347 4195 »vitae«
1376 4140 1414 4194 ad
1439 4137 1514 4193 desi·

230 4212 381 4335 gnanflam
400 4213 529 4350 &iiiam
555 4224 686 4270 amatam
712 4215 792 4286 apud
812 4221 918 4284 poetas
942 4211 1069 4266 eroticos
1088 4211 1240 4266 sollemnis
1268 4220 1331 4280 est;
1361 4210 1396 4265 cs.
1420 4209 1515 4281 ipsius

259 4289 309 4335 atu
332 4300 340 4335 1
360 4300 383 4337 c.
481 4301 504 4338 1.

343 4349 362 4420 ⁹)
381 4353 484 4423 ltaque
510 4353 712 4410 Palmerus
737 4354 937 4421 (»Hermath.‹
965 4354 1006 4408 VI
1030 4370 1058 4424 p.
1084 4352 1147 4424 349)
1172 4353 1248 4408 hanc
1275 4353 1371 4408 locum
1398 4352 1440 4408 sic
1466 4369 1515 4407 ex·

231 4423 343 4494 posuit:
376 4433 422 4479 »tu
447 4423 534 4480 simul
559 4434 588 4480 et
614 4434 665 4481 tua
689 4426 908 4496 vita«=syou
935 4435 964 4481 et
988 4442 1064 4495 your
1089 4423 1164 4486 lise«,
1192 4433 1223 4479 ut
1248 4442 1308 4479 vox
1329 4433 1392 4479 »tu«
1414 4423 1515 4478 verbis

233 4505 300 4550 »tua
319 4495 396 4552 vita«
416 4496 544 4566 repetita
564 4513 631 4551 esse
650 4497 795 4552 videatur.
833 4497 955 4552 Confert
975 4505 1073 4551 autern
1097 4495 1209 4550 Callim.
1229 4497 1278 4564 tad
1292 4513 1314 4550 c.
1327 4495 1421 4565 66l40)
1448 4498 1516 4562 »σήν

231 4585 259 4618 τε
286 4567 493 4708 edwardum
520 4570 571 4620 σόν
599 4587 626 4620 τε
654 4570 743 4634 βίοικ,
773 4570 852 4639 quod
881 4567 1014 4624 Catullus
1042 4566 1143 4622 vertit:
1174 4568 1294 4622 »adiuro
1323 4576 1353 4622 te
1372 4577 1515 4636 tuumque

233 4647 337 4710 caput«
392 4681 398 4693 .
