3656 5332
843 510 1063 574 -40-

304 685 504 770 ..Quomodo
528 705 634 773 porro
658 681 837 751 sollemnis
859 681 955 751 vocis
973 681 1231 772 »tepefaciendi«
1258 681 1362 765 notio,
1388 705 1456 771 qua
1473 682 1597 770 aliquis

315 772 462 862 frigidus
485 771 653 842 sensim
685 771 818 839 calidus
845 771 921 840 fieri
947 771 1088 853 dicitur,
1122 772 1166 839 ad
1196 784 1377 840 sescentos
1408 771 1586 840 adulteros

341 885 406 931 uos
443 861 559 952 potius
601 859 891 948 flagrantissimos
930 884 1049 929 amore
1080 859 1188 929 fuisse
1223 860 1374 947 cogites,
1411 861 1597 930 convenit?

315 885 495 1020 {atullum
514 949 664 1038 denique
688 949 859 1018 eiusmodi
883 949 1001 1018 nuntio
1025 948 1070 1017 nil
1095 950 1320 1039 respondisse
1344 948 1409 1016 nisi
1425 948 1472 1018 »id
1498 950 1597 1018 mise-

316 1063 393 1108 rum
418 1052 486 1108 est«
511 1039 587 1128 quis
612 1052 676 1120 est,
701 1038 759 1126 qui
784 1039 904 1107 credat
927 1039 979 1118 (cf.
1004 1038 1295 1107 Hoerschelm.
1321 1061 1353 1128 p.
1383 1061 1423 1105 10
1446 1039 1597 1126 annot.)?

307 1129 507 1208 ¹Praeterea
542 1127 685 1195 Palladii
720 1127 836 1217 opinio
870 1128 983 1196 falsa
1017 1128 1062 1196 de
1094 1127 1189 1196 Malli
1223 1127 1396 1196 domicilio
1427 1140 1598 1196 sententia

306 1217 449 1302 nititur,
468 1218 573 1305 ,quod
605 1240 720 1306 neque
752 1217 913 1284 Romae
947 1240 1079 1306 neque,
1112 1229 1150 1285 ut
1182 1216 1237 1284 alii
1268 1216 1469 1300 voluerunt,
1504 1216 1597 1285 Baiis

315 1307 422 1375 fuisse
445 1319 569 1397 postea
592 1306 841 1374 demonstrabo
866 1306 919 1390 (cf.
945 1329 1004 1395 pg.
1034 1307 1160 1394 47l48).
1194 1306 1329 1394 Neque,
1347 1328 1437 1393 quae
1453 1306 1497 1374 de
1514 1306 1597 1376 Les·

308 1396 399 1464 biae
424 1398 480 1482 (—
500 1397 587 1463 haec
611 1394 701 1464 enim
726 1395 759 1462 in
783 1418 840 1464 vv,
860 1417 993 1484 27-30
1009 1397 1235 1464 tractaretur!
1261 1398 1317 1482 -)
1341 1395 1469 1463 amoris
1486 1395 1597 1463 condi-

319 1485 475 1554 cionibus
495 1497 564 1552 tem
592 1484 781 1574 oribusque
798 1484 935 1552 aliunde
952 1484 1121 1566 novimuS,
1146 1483 1297 1552 cum'illa
1315 1483 1597 1572 interpretatione

319 1585 526 1660 congruunt.
567 1507 694 1662 Itaque
718 1573 933 1663 propositum
958 1573 1193 1641 Palladianum
1216 1596 1328 1661 aeque
1352 1585 1456 1662 atque
1472 1574 1596 1657 omnia,

343 1685 409 1730 uae
441 1662 520 1730 inde
550 1662 787 1745 exordiuntur,
815 1661 1026 1730 reiciendum
1051 1661 1330 1750 abolendumque
1354 1684 1435 1730 esse
1459 1685 1596 1731 censen.

356 1751 481 1819 ccurrit
527 1750 668 1838 quidem
692 1750 725 1818 in
749 1751 866 1819 multis
889 1751 1097 1820 editionibus
1121 1750 1446 1840 commentariisque
1474 1751 1598 1834 (novis-

318 1839 404 1910 sime
436 1842 528 1930 apud
554 1840 592 1908 B.
617 1837 907 1909 Schmidtium
937 1841 1038 1930 proll.
1072 1863 1104 1929 p.
1129 1839 1193 1927 XI)
1227 1852 1332 1928 atque
1359 1852 1502 1929 propter
1529 1841 1598 1931 opi·

318 1930 456 1998 nionum
486 1942 700 2010 commenta,
736 1952 827 2017 quae
855 1952 918 2019 per
948 1929 1040 1997 illam
1079 1928 1398 2019 interpretationem
1437 1928 1597 1998 facillime

317 2018 552 2102 admittuntur,
579 2018 672 2086 haud
689 2018 735 2086 ita
751 2019 910 2087 celeriter
936 2031 1132 2087 evanescet.

424 2143 549 2211 Altera
582 2142 780 2233 explanatio
812 2142 1034 2211 Palladianae
1064 2143 1237 2211 contraria
1270 2142 1500 2211 Parthenii
1532 2144 1597 2222 (ed.

321 2233 420 2321 1486)
457 2245 526 2314 est,
570 2232 624 2299 cui
654 2245 881 2301 assenserunt
915 2231 1137 2322 Hauptius
1173 2231 1226 2318 (cI.
1261 2231 1400 2319 Belger.
1437 2255 1470 2321 p.
1508 2236 1597 2321 247),

318 2320 517 2396 Weisius
547 2323 611 2410 (pr.
652 2323 737 2410 1869
771 2345 803 2411 p.
843 2344 883 2389 10
915 2334 951 2390 et
987 2324 1058 2408 14),
1100 2320 1412 2410 Westphalius
1448 2324 1494 2410 (p.
1529 2324 1597 2411 69),

319 2409 578 2480 Schoellius
602 2413 648 2498 (p.
673 2411 769 2498 471),
803 2410 989 2498 Magnus
1012 2410 1208 2497 (›>Zeitschr.
1240 2410 1261 2477 f.
1285 2410 1318 2477 d.
1344 2409 1387 2478 G.
1414 2409 1489 2478 W.‹<
1515 2411 1600 2499 1878

319 2522 352 2589 p.
376 2500 466 2588 496),
489 2497 709 2567 Weberus
732 2501 777 2588 (p.
799 2500 922 2600 108l9)‚
948 2498 1262 2569 Harneckerus
1286 2507 1331 2589 (p.
1348 2501 1393 2586 6),
1418 2498 1599 2568 Riesius

319 2591 365 2678 (p.
396 2593 493 2676 223),
527 2586 831 2664 Baehrensius
864 2603 910 2670 (m
942 2611 1065 2657 comm.
1091 2590 1134 2657 ad
1158 2612 1191 2657 v.
1215 2605 1289 2677 27).
1328 2587 1599 2658 Skutschius

319 2677 412 2757 (›>Rh.
437 2676 542 2745 Mus«
569 2677 654 2765 1892
678 2701 710 2767 p.
741 2679 826 2766 146).
873 2676 941 2745 Hic
969 2677 1059 2746 enim
1087 2679 1182 2746 illum
1210 2677 1325 2745 locum
1352 2676 1596 2746 orationem

318 2765 541 2853 obliquam
573 2787 653 2834 esse
682 2765 880 2850 declaravit,
912 2779 949 2834 ut
977 2767 1183 2857 explicaret:
1218 2799 1241 2836 ».
1259 2821 1265 2835 .
1284 2766 1408 2835 scribis
1436 2765 1598 2834 Veronae

321 2878 402 2924 esse
419 2859 475 2942 (:
491 2855 639 2943 versari)
650 2861 674 2940 ¹)
692 2869 793 2945 turpe
811 2854 952 2924 Catullo
969 2859 1029 2943 (sc.
1047 2859 1181 2944 »esse«),
1207 2856 1301 2945 quod
1317 2855 1372 2924 hic
1393 2854 1597 2938 (VeronaeI)

321 2944 435 3048 quivis
466 2944 498 3012 d.
532 2967 577 3012 m.
603 2968 637 3013 n.
659 2945 699 3013 fr.
731 2946 872 3013 deserto
903 2953 958 3024 (:
982 2947 1106 3031 vacuo)
1145 2945 1381 3035 tepefactalelt
1419 2968 1462 3013 m.
1495 2946 1598 3013 cub«.

321 3033 448 3101 Iorma
472 3045 588 3100 autem
612 3031 782 3101 »Catullo«
814 3057 833 3102 e
858 3033 937 3102 min.
969 3057 1070 3103 mscr.
1102 3034 1202 3103 facile
1232 3057 1296 3123 pro
1321 3057 1408 3103 voce
1432 3031 1598 3102 »Catullo«

319 3121 458 3211 optimis
491 3121 587 3190 libris
611 3107 764 3191 exhibita
796 3122 1002 3205 restituitur,
1034 3123 1114 3212 quia
1145 3136 1288 3213 propter
1318 3124 1596 3208 »salebrosam‹<2)

319 3209 450 3279 codicis
466 3211 498 3277 V
522 3210 730 3300 scripturam
754 3211 960 3302 saepissime
984 3212 1016 3280 in
1042 3211 1117 3280 eius
1141 3211 1400 3302 exemplaribus
1446 3225 1597 3280 raestan·

319 3298 461 3368 tissimis
486 3299 534 3387 (G
552 3312 586 3367 et
603 3298 651 3387 O)
675 3300 810 3370 litterae
833 3324 883 3369 »e«
902 3313 936 3369 et
952 3324 1002 3369 »o«
1025 3302 1323 3388 confunduntur.³)
1370 3234 1598 3369 Indicativum

320 3402 436 3457 autem
460 3387 559 3457 verbi
582 3389 615 3456 in
640 3389 817 3458 enuntiato
841 3390 969 3458 causali
994 3391 1118 3480 btepef
1139 3432 1164 3440 -
1182 3391 1225 3474 ?<‹)
1256 3390 1376 3478 utique
1400 3391 1431 3456 in
1456 3390 1597 3457 modum

319 3477 574 3546 coniunctivum
598 3480 723 3546 mutari
747 3479 828 3547 mihi
846 3480 985 3567 quidem
1003 3502 1071 3547 non
1088 3502 1233 3548 necesse
1251 3501 1331 3547 esse
1347 3478 1493 3553 videtur,
1517 3477 1598 3567 quia

322 3564 482 3634 Catullus
506 3567 605 3635 amici
630 3568 745 3636 dictis:
779 3567 1004 3637 Veronenses
1027 3568 1222 3668 oppidanos
1246 3589 1405 3636 morosos
1429 3589 1525 3650 esse,
1551 3567 1597 3635 ita

319 3655 480 3724 assentiri
504 3656 624 3745 potuit,
649 3669 686 3723 ut
712 3658 820 3725 verba
843 3657 951 3746 »quod
967 3711 973 3724 .
989 3711 995 3725 .
1009 3657 1127 3725 cubili«
1151 3670 1220 3726 tam
1249 3680 1328 3725 uam
1358 3679 1377 3724 e
1401 3679 1465 3724 sua
1488 3655 1597 3745 ipsius

320 3744 492 3812 sententia
516 3744 647 3813 diceret
671 3757 775 3834 atque
800 3745 849 3814 sic
873 3769 946 3814 rem
975 3768 1059 3814 vere
1090 3747 1137 3815 ita
1166 3769 1205 3814 se
1261 3748 1368 3814 abere
1399 3744 1596 3813 affirmaret.

313 3831 391 3902 -Sed
406 3833 509 3901 etiam
523 3833 762 3902 coniunctivus
775 3835 817 3902 ad
833 3834 1043 3904 Parthenii
1056 3834 1375 3925 interpretationem
1390 3846 1491 3923 aptus
1505 3839 1597 3917 est.⁴)

431 4047 449 4115 ¹)
469 4049 503 4103 cl.
524 4051 561 4104 ad
582 4050 655 4105 haec
676 4051 757 4108 verbi
779 4067 878 4106 »esse«
900 4067 986 4106 usum
1002 4050 1060 4105 Cic.
1075 4051 1127 4120 Ep.
1148 4051 1184 4104 ad
1199 4049 1299 4118 Quint.
1319 4049 1403 4104 fratr.
1423 4049 1476 4114 Ila:
1498 4048 1599 4104 »Plato

319 4117 449 4245 quidepr,
468 4119 518 4191 qui
537 4122 666 4177 Athenis
685 4124 760 4179 solet
780 4139 847 4177 esse
867 4122 1022 4190 multum«;
1042 4121 1132 4192 Prop.
1152 4121 1249 4192 118l27:
1271 4121 1333 4176 »hic
1352 4121 1418 4184 erit,
1438 4119 1484 4175 hic
1503 4125 1599 4175 iurata

320 4206 408 4244 mane
425 4208 447 4242 ⁴.

431 4277 451 4348 ¹)
470 4280 505 4335 cf.
524 4283 604 4351 quod
622 4282 719 4337 scriba
739 4281 848 4337 codicis
867 4281 892 4338 G
912 4281 942 4336 in
961 4281 1020 4336 fine
1038 4280 1104 4336 libri
1123 4281 1243 4336 addidit.

430 4366 450 4436 ³)
469 4369 538 4425 vide
557 4370 775 4426 Schulzium
796 4371 825 4426 in
847 4370 1008 4425 »Hermes«
1030 4370 1128 4426 XXIII
1149 4388 1176 4442 p.
1196 4376 1250 4440 569
1268 4387 1333 4441 sqq.

467 4440 501 4495 cf.
523 4439 586 4496 Cat.
606 4459 628 4496 c.
649 4442 735 4512 Vll95
755 4441 868 4511 LVl22;
888 4440 1063 4513 Lxlvl1655
1081 4443 1135 4514 ²85
1155 4451 1210 4497 etc.
1231 4451 1283 4496 etc.

430 4528 451 4596 ⁴)
471 4529 538 4600 Ipse
558 4530 789 4587 Lachmanni
810 4531 1049 4587 emendationem
1070 4530 1257 4603 »tepefacsin
1280 4528 1433 4600 praefero,
1452 4527 1521 4599 quia
1541 4545 1599 4582 me·

319 4599 423 4655 liorem
443 4601 600 4656 lectionem
620 4620 678 4657 non
697 4603 774 4658 novi.
