3656 5332
899 559 1092 625 ,6-

354 757 540 845 149-160)
572 755 696 824 iterum
727 755 915 845 epistolare
938 778 1052 843 genus
1082 755 1255 825 scribendi
1286 755 1475 824 ostendens
1498 756 1630 825 initium

351 856 503 933 caperet,
528 867 741 934 praenomen
765 844 887 913 »Mani«
910 845 1186 934 exspectandum
1210 867 1290 913 esse
1302 850 1336 929 1).
1454 874 1460 884 ·

458 951 562 1020 Haud
587 951 633 1019 ita
649 951 796 1020 difficilis
812 951 873 1036 eis,
898 950 955 1041 qui
972 952 1123 1020 carmina
1140 950 1302 1019 LXVIIIa
1317 964 1352 1019 et
1366 953 1380 994 b
1405 951 1629 1037 diremerunt,

351 1062 409 1108 res
444 1063 483 1108 se
517 1041 678 1109 habebat.
733 1040 868 1109 Omnes
902 1042 976 1109 fere
1011 1040 1102 1109 enim
1137 1067 1199 1122 »χω
1221 1044 1361 1124 ignarae«
1396 1040 1464 1108 illic
1499 1064 1628 1109 nomen

351 1129 485 1196 »Manli«
505 1129 561 1197 vel
579 1129 729 1216 »Mal(l)i‹<
745 1142 950 1210 statuerunt,
975 1129 1029 1197 hic
1053 1129 1164 1197 »Alli«.
1197 1067 1304 1214 &uod
1320 1128 1429 1197 secuti
1446 1142 1535 1213 sunt,
1562 1130 1628 1199 etsi

351 1230 494 1307 propter
533 1218 808 1288 coniunctionem
847 1218 1036 1287 carminum
1076 1229 1317 1287 conservatam
1356 1217 1553 1286 »Manlium«
1592 1233 1627 1287 et

350 1305 512 1374 »Allium«
536 1309 684 1375 eundem
707 1330 788 1376 esse
804 1320 1078 1396 proposuerunt:
1111 1307 1297 1375 Ellisius
1321 1307 1366 1390 (in
1384 1307 1463 1376 edd.
1484 1309 1631 1396 18⁶7l78

352 1399 400 1484 [p.
418 1397 494 1481 168]
520 1396 610 1464 etin
635 1419 757 1465 comm.
786 1398 894 1485 1876),
920 1396 1151 1464 Eichlerus
1175 1396 1221 1479 tin
1238 1419 1288 1486 pr.
1307 1395 1625 1466 Oberhollabrunn.

354 1485 492 1573 1872)2)‚
517 1484 698 1553 Riesius
723 1490 767 1575 (p.
792 1491 880 1574 219).
928 1483 1000 1553 Sed
1025 1508 1127 1553 nemo
1145 1484 1382 1553 Romanorum
1409 1499 1488 1552 ante
1514 1497 1627 1574 poste-

350 1573 480 1641 riorum
499 1572 691 1642 Caesarum
708 1587 858 1642 aetatem
882 1575 1019 1642 duobus
1035 1574 1230 1642 nominibus
1273 1574 1429 1642 entiliciis
1446 1575 1626 1662 praeditus

351 1674 426 1730 erat
450 1662 503 1744 (cf.
529 1663 570 1730 K.
595 1663 634 1730 P.
659 1663 859 1731 Schulzium
883 1663 915 1730 in
940 1663 1080 1731 »Ztschf
1093 1719 1099 1732 .
1133 1662 1155 1729 f.
1180 1663 1211 1730 d.
1239 1597 1459 1751 (ἔγω-ΚΝΑ
1486 1664 1570 1730 1880
1593 1687 1626 1752 p.

350 1751 438 1840 362).
478 1750 679 1838 Scaliger
702 1751 808 1839 igitur
832 1753 1007 1840 quondam
1038 1765 1254 1820 commentus
1283 1765 1337 1820 est
1359 1752 1453 1819 illum
1478 1753 1628 1826 amicum

350 1839 444 1908 Allia
467 1854 573 1928 gente
598 1855 715 1909 natum
740 1853 862 1931 postea
891 1841 922 1907 in
948 1840 1111 1908 Manliam
1142 1842 1344 1929 adoptatum
1370 1864 1450 1909 esse
1474 1842 1529 1925 (cf.
1553 1840 1623 1908 »Vi-

350 1928 441 1996 niam
465 1929 752 1999 Aurunculeiam«
783 1954 811 1998 c.
841 1929 962 2014 LXll).
1014 1928 1142 1998 Verum
1172 1928 1202 1998 si
1235 1930 1281 1998 ita
1309 1953 1348 1998 se
1377 1953 1436 1998 res
1464 1931 1627 2012 habebat,

352 2015 512 2086 Catullus
535 2019 683 2086 amicum
707 2043 727 2086 e
757 2019 960 2088 Latinorum
991 2019 1243 2087 consuetudine
1267 2042 1336 2087 non
1359 2019 1541 2086 »Manlium
1565 2019 1624 2085 Al-

350 2107 455 2183 lium«,
480 2109 542 2175 sed
567 2108 747 2176 »Manlium
780 2107 972 2176 Allienum«
1004 2108 1183 2196 appellare
1208 2109 1368 2176 debebat.
1416 2107 1537 2194 Quare
1561 2106 1626 2176 Sc.

349 2196 555 2264 sententiam
580 2219 679 2266 suam
704 2198 857 2265 defendit
880 2197 1027 2265 dicendo
1053 2196 1229 2265 Catullum
1254 2219 1379 2264 versus
1403 2221 1625 2265 numerorum

350 2307 456 2353 causa
480 2308 605 2352 nomen
629 2285 728 2353 »Alli«
752 2310 816 2375 pro
846 2285 1016 2354 »Allieno«
1046 2285 1256 2378 adhibuisse.
1303 2286 1404 2353 Hanc
1428 2285 1628 2375 adoptionis

350 2374 546 2462 opinionem
571 2387 643 2442 tum
668 2375 839 2442 Riesius
857 2374 971 2461 magis
988 2375 1192 2442 confirmare
1208 2374 1350 2456 studuit,
1376 2375 1482 2463 quiin
1501 2398 1624 2444 comm.

349 2486 382 2561 p.
406 2485 473 2551 219
497 2465 544 2549 (et
571 2467 645 2549 112)
670 2464 812 2552 protulit
836 2461 1042 2531 Ciceronem
1075 2486 1213 2552 quoque
1238 2463 1393 2531 Atticum
1426 2488 1446 2532 a
1472 2464 1627 2533 Caecilio

350 2573 417 2618 iam
442 2553 643 2640 adoptatum
674 2552 885 2620 familiariter
908 2551 1165 2640 »Pomponium«
1189 2575 1252 2640 pro
1275 2552 1542 2641 »Pomponiano«
1565 2576 1623 2620 no·

351 2639 537 2708 minavisse
562 2641 616 2718 (cf.
641 2664 694 2729 ep.
720 2642 763 2708 ad
789 2641 861 2708 Att.
887 2641 1049 2730 Illl15l7;
1083 2641 1221 2730 lVl2l5;
1248 2641 1402 2730 Vlll7l7;
1429 2641 1524 2709 Brut.
1550 2665 1578 2710 c.
1603 2664 1625 2730 3

350 2733 370 2813 §
397 2736 459 2813 10).
514 2729 662 2798 Perinde
703 2731 736 2798 in
775 2732 841 2798 hoc
877 2729 1028 2797 carmine
1061 2742 1202 2884 poetam
1237 2730 1364 2797 blande
1400 2743 1434 2798 et
1469 2743 1626 2799 amanter

349 2817 464 2906 priore
488 2818 587 2886 amici
612 2819 750 2887 nomine
773 2817 884 2886 »Mali«
907 2819 955 2885 uti
980 2823 1036 2901 l—
1094 2875 1100 2886 .
1126 2819 1216 2886 enim
1241 2834 1360 2888 contra
1388 2818 1452 2888 Sc.
1484 2819 1627 2887 arbitra-

349 2919 405 2974 tus
429 2920 483 2975 est
513 2931 718 2996 germanum
747 2908 878 2975 sodalis
900 2920 1035 2997 patrem
1066 2921 1216 2994 egente
1240 2908 1344 2976 Malia
1374 2908 1491 2989 fuisse,
1523 2911 1625 2994 adop-

348 2995 456 3063 tivum
481 3011 595 3064 autem
621 3020 663 3065 ex
688 2997 782 3064 Allia
839 2999 861 3084 l,
886 3020 963 3064 cum
989 2996 1193 3064 sollemnem
1217 2997 1399 3064 »Malliani«
1423 2997 1625 3086 appellatio·

349 3107 427 3152 nem
463 3085 598 3153 vitaret.
652 3085 841 3156 Ellisius
876 3084 909 3154 in
946 3086 1026 3153 ed.2
1060 3108 1092 3173 p.
1121 3089 1183 3173 169
1213 3099 1330 3154 autem
1353 3097 1494 3174 praeter
1518 3085 1622 3153 Sca-

350 3173 478 3259 ligeri
518 3174 784 3263 explicationem
831 3175 915 3241 alias
955 3178 1109 3260 argutias
1148 3175 1344 3263 proposuit,
1392 3174 1487 3242 velut
1525 3175 1623 3243 »Mal-

348 3261 428 3328 lium
454 3263 601 3330 Allium«
624 3287 643 3330 e
668 3263 878 3333 Sabinorum
910 3262 1159 3331 consuetudine
1188 3263 1257 3330 duo
1286 3263 1423 3331 nomina
1446 3263 1624 3350 gentilicia

349 3351 514 3420 habuisse
538 3357 587 3433 (-
609 3354 740 3420 confert
756 3352 903 3420 »Attium
922 3352 1094 3435 Navium«,
1120 3352 1280 3419 »Marium
1298 3353 1509 3439 Egnatium«,
1534 3350 1624 3421 »Sta-

349 3440 431 3507 tium
456 3440 623 3508 Gellium«
646 3456 710 3510 etc.
740 3448 789 3525 -)
815 3453 873 3508 aut
897 3464 1020 3509 nomen
1040 3441 1185 3508 alterum
1204 3441 1272 3522 (vel
1288 3441 1413 3509 »Malli«
1437 3442 1493 3509 vel
1509 3441 1622 3525 »Atlio

348 3530 803 3686 pgentillicionpraenomcn
833 3530 961 3596 factum
987 3552 1076 3610 esse,
1110 3552 1201 3616 quae
1231 3530 1347 3619 opinio
1373 3532 1474 3598 etiam
1500 3531 1624 3598 Eich-

368 3641 443 3685 ero
467 3633 606 3708 pacurt.
642 3661 670 3669 -

460 3726 525 3792 His
549 3725 728 3793 sententiis
752 3724 947 3814 explanatis
963 3748 1052 3792 nunc
1077 3725 1120 3790 ad
1138 3725 1376 3812 quaestionem
1395 3725 1504 3814 ipsam
1530 3747 1625 3793 acce·

348 3813 470 3881 dimus.
519 3814 670 3882 Primum
696 3815 833 3903 quidem
865 3813 1104 3901 inquirendum
1130 3827 1201 3894 est,
1231 3828 1343 3882 utrum
1368 3838 1494 3902 reapse
1519 3813 1621 3882 omni·

347 3902 412 3968 bus
431 3903 524 3985 locis,
551 3926 638 3992 quos
655 3926 761 3992 supra
778 3901 988 3984 enumeravi,
1013 3925 1138 3970 nomen
1155 3903 1254 3971 amici
1272 3904 1490 3970 desideretur
1502 3926 1622 3971 necne.

348 3988 443 4058 Satis
467 4003 601 4060 constat
634 3992 666 4059 in
692 4017 723 4060 v.
751 4014 800 4074 11,
833 3992 913 4079 quia
941 3991 1035 4058 initio
1066 3992 1187 4077 gravis
1218 3990 1382 4058 enuntiati
1412 3991 1623 4058 adversativi

348 4081 494 4147 amicum
519 4081 631 4148 adhuc
655 4080 812 4168 ignotum
837 4080 1047 4148 nominatum
1071 4080 1110 4146 iri
1134 4079 1212 4167 quis
1237 4093 1290 4146 est
1314 4080 1393 4168 quin
1418 4080 1626 4168 exspectet?

348 4169 468 4258 ltaque
503 4168 706 4239 Schoelli
742 4169 794 4249 (cf.
831 4191 889 4258 pg.
914 4169 963 4258 5l)
995 4167 1181 4236 correctio:
1217 4168 1462 4252 »incommoda,
1499 4169 1624 4236 amice«

365 4429 367 4434 .
458 4364 475 4430 ¹)
496 4367 615 4436 scripsit
634 4367 662 4421 in
681 4386 708 4422 v.
731 4384 793 4438 150:
816 4384 886 4437 »pro
905 4365 1014 4436 multiS,
1033 4365 1145 4434 Mani,
1165 4382 1186 4419 r.
1207 4382 1260 4419 ο.«,

457 4452 475 4521 ³)
498 4455 580 4580 inlo
594 4457 656 4512 iure
670 4475 692 4511 c.
707 4456 829 4511 LXVlll
842 4455 948 4509 Catulli
962 4472 980 4509 a
996 4454 1142 4509 nonnullis
1161 4453 1233 4508 viris
1252 4454 1346 4510 doctis
1366 4455 1396 4510 in
1414 4456 1473 4511 duo
1492 4455 1624 4511 carmina

521 4536 679 4582 trimatur«.

543 4615 607 4670 Hoc
626 4616 767 4686 scriptum
787 4615 858 4669 mihi
878 4613 1008 4669 defuisse
1027 4612 1122 4681 dole0,
1142 4615 1220 4684 quod
1240 4599 1277 4668 ne
1296 4613 1324 4668 in
1344 4615 1437 4684 ipsius
1457 4615 1606 4685 gymnasii

507 4686 846 4742 Oberhollabrunnensis
866 4686 985 4757 quidem
1005 4683 1182 4739 bibliotheca
1201 4685 1261 4740 iam
1281 4695 1400 4740 exstare
1419 4687 1558 4756 comperi.
