<?xml version="1.0" encoding="UTF-8"?>
<!DOCTYPE html PUBLIC "-//W3C//DTD XHTML 1.0 Transitional//EN"
    "http://www.w3.org/TR/xhtml1/DTD/xhtml1-transitional.dtd">
<html xmlns="http://www.w3.org/1999/xhtml" xml:lang="en" lang="en">
 <head>
  <title>
</title>
<meta http-equiv="Content-Type" content="text/html;charset=utf-8" />
  <meta name='ocr-system' content='tesseract 3.04.00' />
  <meta name='ocr-capabilities' content='ocr_page ocr_carea ocr_par ocr_line ocrx_word'/>
</head>
<body>
  <div class='ocr_page' id='page_1' title='image "./deduodeseptuage00kalbgoog_0059.png"; bbox 0 0 3656 5332; ppageno 0'>
   <div class='ocr_carea' id='block_1_1' title="bbox 834 577 1053 644">
    <p class='ocr_par' dir='ltr' id='par_1_1' title="bbox 834 577 1053 644">
     <span class='ocr_line' id='line_1_1' title="bbox 834 577 1053 644; baseline -0.005 -41"><span class='ocrx_word' id='word_1_1' title='bbox 834 577 1053 644; x_wconf 62' lang='lat'><strong>-52-</strong></span> 
     </span>
    </p>
   </div>
   <div class='ocr_carea' id='block_1_2' title="bbox 293 749 1583 1197">
    <p class='ocr_par' dir='ltr' id='par_1_2' title="bbox 293 749 1583 1197">
     <span class='ocr_line' id='line_1_2' title="bbox 308 749 1582 852; baseline 0.001 -32"><span class='ocrx_word' id='word_1_2' title='bbox 308 776 465 822; x_wconf 78' lang='lat' dir='ltr'><strong>munera«</strong></span> <span class='ocrx_word' id='word_1_3' title='bbox 488 774 632 852; x_wconf 90' lang='lat' dir='ltr'><strong>prorsus</strong></span> <span class='ocrx_word' id='word_1_4' title='bbox 655 764 784 838; x_wconf 84' lang='lat' dir='ltr'><strong>negata</strong></span> <span class='ocrx_word' id='word_1_5' title='bbox 807 750 1079 818; x_wconf 87' lang='lat' dir='ltr'><strong>intercedentem</strong></span> <span class='ocrx_word' id='word_1_6' title='bbox 1103 749 1342 836; x_wconf 79' lang='lat' dir='ltr'><strong>cognovimus</strong></span> <span class='ocrx_word' id='word_1_7' title='bbox 1391 749 1468 819; x_wconf 91' lang='lat' dir='ltr'><strong>Hoc</strong></span> <span class='ocrx_word' id='word_1_8' title='bbox 1491 752 1582 821; x_wconf 91' lang='lat' dir='ltr'><strong>enim</strong></span> 
     </span>
     <span class='ocr_line' id='line_1_3' title="bbox 308 837 1583 931; baseline -0.001 -21"><span class='ocrx_word' id='word_1_9' title='bbox 308 841 408 910; x_wconf 90' lang='lat' dir='ltr'><strong>amici</strong></span> <span class='ocrx_word' id='word_1_10' title='bbox 431 852 576 931; x_wconf 88' lang='lat' dir='ltr'><strong>petrtum</strong></span> <span class='ocrx_word' id='word_1_11' title='bbox 599 839 878 929; x_wconf 88' lang='lat' dir='ltr'><strong>potissimum</strong></span> <span class='ocrx_word' id='word_1_12' title='bbox 902 851 986 908; x_wconf 88' lang='lat' dir='ltr'><strong>erat.</strong></span> <span class='ocrx_word' id='word_1_13' title='bbox 1035 838 1201 921; x_wconf 86' lang='lat' dir='ltr'><strong>Ceterum</strong></span> <span class='ocrx_word' id='word_1_14' title='bbox 1218 837 1246 906; x_wconf 92' lang='lat' dir='ltr'><strong>si</strong></span> <span class='ocrx_word' id='word_1_15' title='bbox 1262 838 1368 906; x_wconf 75' lang='lat' dir='ltr'><strong>»dona</strong></span> <span class='ocrx_word' id='word_1_16' title='bbox 1384 839 1501 908; x_wconf 79' lang='lat' dir='ltr'><strong>beata«</strong></span> <span class='ocrx_word' id='word_1_17' title='bbox 1525 840 1583 909; x_wconf 90' lang='lat' dir='ltr'><strong>illa</strong></span> 
     </span>
     <span class='ocr_line' id='line_1_4' title="bbox 306 926 1581 1019; baseline -0.001 -21"><span class='ocrx_word' id='word_1_18' title='bbox 306 930 470 999; x_wconf 80' lang='lat' dir='ltr'><strong>»Veneris</strong></span> <span class='ocrx_word' id='word_1_19' title='bbox 493 951 650 997; x_wconf 82' lang='lat' dir='ltr'><strong>munera«</strong></span> <span class='ocrx_word' id='word_1_20' title='bbox 679 928 867 1017; x_wconf 87' lang='lat' dir='ltr'><strong>designare</strong></span> <span class='ocrx_word' id='word_1_21' title='bbox 894 927 1099 1017; x_wconf 76' lang='lat' dir='ltr'><strong>accipimuS,</strong></span> <span class='ocrx_word' id='word_1_22' title='bbox 1129 926 1258 1016; x_wconf 88' lang='lat' dir='ltr'><strong>optime</strong></span> <span class='ocrx_word' id='word_1_23' title='bbox 1289 949 1415 996; x_wconf 88' lang='lat' dir='ltr'><strong>versus</strong></span> <span class='ocrx_word' id='word_1_24' title='bbox 1441 950 1480 1017; x_wconf 85' lang='lat'><strong>15</strong></span> <span class='ocrx_word' id='word_1_25' title='bbox 1504 952 1581 1019; x_wconf 83' lang='lat' dir='ltr'><strong>sqq.</strong></span> 
     </span>
     <span class='ocr_line' id='line_1_5' title="bbox 307 1015 1582 1106; baseline -0.002 -18"><span class='ocrx_word' id='word_1_26' title='bbox 307 1019 550 1106; x_wconf 89' lang='lat' dir='ltr'><strong>adiunguntur.</strong></span> <span class='ocrx_word' id='word_1_27' title='bbox 598 1017 687 1101; x_wconf 86' lang='lat' dir='ltr'><strong>Eos,</strong></span> <span class='ocrx_word' id='word_1_28' title='bbox 713 1040 791 1085; x_wconf 89' lang='lat' dir='ltr'><strong>cum</strong></span> <span class='ocrx_word' id='word_1_29' title='bbox 815 1016 908 1084; x_wconf 91' lang='lat' dir='ltr'><strong>nulla</strong></span> <span class='ocrx_word' id='word_1_30' title='bbox 939 1015 1176 1084; x_wconf 91' lang='lat' dir='ltr'><strong>coniunctione</strong></span> <span class='ocrx_word' id='word_1_31' title='bbox 1205 1015 1275 1105; x_wconf 91' lang='lat' dir='ltr'><strong>apti</strong></span> <span class='ocrx_word' id='word_1_32' title='bbox 1299 1015 1383 1097; x_wconf 92' lang='lat' dir='ltr'><strong>sint,</strong></span> <span class='ocrx_word' id='word_1_33' title='bbox 1409 1016 1582 1086; x_wconf 85' lang='lat' dir='ltr'><strong>artissime</strong></span> 
     </span>
     <span class='ocr_line' id='line_1_6' title="bbox 293 1105 1208 1197; baseline -0.004 -21"><span class='ocrx_word' id='word_1_34' title='bbox 293 1119 386 1177; x_wconf 88' lang='lat' dir='ltr'><strong>&#39;cum</strong></span> <span class='ocrx_word' id='word_1_35' title='bbox 410 1106 700 1197; x_wconf 86' lang='lat' dir='ltr'><strong>praecedentibus</strong></span> <span class='ocrx_word' id='word_1_36' title='bbox 724 1105 925 1174; x_wconf 91' lang='lat' dir='ltr'><strong>coniunctos</strong></span> <span class='ocrx_word' id='word_1_37' title='bbox 949 1127 1029 1173; x_wconf 90' lang='lat' dir='ltr'><strong>esse</strong></span> <span class='ocrx_word' id='word_1_38' title='bbox 1053 1118 1208 1195; x_wconf 86' lang='lat' dir='ltr'><strong>apparet.</strong></span> 
     </span>
    </p>
   </div>
   <div class='ocr_carea' id='block_1_3' title="bbox 307 1405 1581 1586">
    <p class='ocr_par' dir='ltr' id='par_1_3' title="bbox 307 1405 1581 1586">
     <span class='ocr_line' id='line_1_7' title="bbox 413 1405 1581 1498; baseline -0.004 -20"><span class='ocrx_word' id='word_1_39' title='bbox 413 1407 452 1478; x_wconf 89' lang='lat' dir='ltr'><strong>Si</strong></span> <span class='ocrx_word' id='word_1_40' title='bbox 465 1421 643 1498; x_wconf 89' lang='lat' dir='ltr'><strong>postremo</strong></span> <span class='ocrx_word' id='word_1_41' title='bbox 655 1407 753 1475; x_wconf 92' lang='lat' dir='ltr'><strong>brevi</strong></span> <span class='ocrx_word' id='word_1_42' title='bbox 766 1407 1014 1476; x_wconf 89' lang='lat' dir='ltr'><strong>commentario</strong></span> <span class='ocrx_word' id='word_1_43' title='bbox 1026 1405 1187 1475; x_wconf 87' lang='lat' dir='ltr'><strong>carminis</strong></span> <span class='ocrx_word' id='word_1_44' title='bbox 1199 1405 1361 1473; x_wconf 73' lang='lat' dir='ltr'><strong>LXVIIIt</strong></span> <span class='ocrx_word' id='word_1_45' title='bbox 1375 1411 1445 1491; x_wconf 86' lang='lat' dir='ltr'><strong>(vv.</strong></span> <span class='ocrx_word' id='word_1_46' title='bbox 1462 1417 1581 1494; x_wconf 75' lang='lat'>1—40)</span> 
     </span>
     <span class='ocr_line' id='line_1_8' title="bbox 307 1494 1581 1586; baseline -0.002 -20"><span class='ocrx_word' id='word_1_47' title='bbox 307 1510 514 1586; x_wconf 86' lang='lat' dir='ltr'><strong>argumenta</strong></span> <span class='ocrx_word' id='word_1_48' title='bbox 526 1496 783 1584; x_wconf 90' lang='lat' dir='ltr'><strong>relationesque</strong></span> <span class='ocrx_word' id='word_1_49' title='bbox 794 1518 1003 1585; x_wconf 91' lang='lat' dir='ltr'><strong>componere</strong></span> <span class='ocrx_word' id='word_1_50' title='bbox 1016 1518 1191 1580; x_wconf 88' lang='lat' dir='ltr'><strong>conamur,</strong></span> <span class='ocrx_word' id='word_1_51' title='bbox 1208 1494 1295 1562; x_wconf 89' lang='lat' dir='ltr'><strong>haec</strong></span> <span class='ocrx_word' id='word_1_52' title='bbox 1309 1494 1396 1563; x_wconf 88' lang='lat' dir='ltr'><strong>ellici</strong></span> <span class='ocrx_word' id='word_1_53' title='bbox 1408 1495 1581 1563; x_wconf 89' lang='lat' dir='ltr'><strong>videmus:</strong></span> 
     </span>
    </p>
   </div>
   <div class='ocr_carea' id='block_1_4' title="bbox 304 1601 1583 3466">
    <p class='ocr_par' dir='ltr' id='par_1_4' title="bbox 304 1601 1583 3380">
     <span class='ocr_line' id='line_1_9' title="bbox 415 1601 1581 1704; baseline -0.002 -32"><span class='ocrx_word' id='word_1_54' title='bbox 415 1602 585 1681; x_wconf 76' lang='lat' dir='ltr'><strong>Catullus</strong></span> <span class='ocrx_word' id='word_1_55' title='bbox 611 1603 668 1691; x_wconf 92' lang='lat' dir='ltr'><strong>qui</strong></span> <span class='ocrx_word' id='word_1_56' title='bbox 692 1615 836 1704; x_wconf 88' lang='lat' dir='ltr'><strong>propter</strong></span> <span class='ocrx_word' id='word_1_57' title='bbox 865 1602 980 1670; x_wconf 88' lang='lat' dir='ltr'><strong>fratris</strong></span> <span class='ocrx_word' id='word_1_58' title='bbox 1012 1615 1159 1671; x_wconf 91' lang='lat' dir='ltr'><strong>mortem</strong></span> <span class='ocrx_word' id='word_1_59' title='bbox 1191 1601 1340 1670; x_wconf 82' lang='lat' dir='ltr'><strong>fortasse</strong></span> <span class='ocrx_word' id='word_1_60' title='bbox 1370 1601 1403 1669; x_wconf 92' lang='lat' dir='ltr'><strong>in</strong></span> <span class='ocrx_word' id='word_1_61' title='bbox 1435 1603 1581 1690; x_wconf 90' lang='lat' dir='ltr'><strong>patriam</strong></span> 
     </span>
     <span class='ocr_line' id='line_1_10' title="bbox 308 1688 1583 1780; baseline 0.002 -23"><span class='ocrx_word' id='word_1_62' title='bbox 308 1691 482 1760; x_wconf 85' lang='lat' dir='ltr'><strong>Veronam</strong></span> <span class='ocrx_word' id='word_1_63' title='bbox 507 1693 667 1774; x_wconf 90' lang='lat' dir='ltr'><strong>redierat,</strong></span> <span class='ocrx_word' id='word_1_64' title='bbox 692 1691 771 1759; x_wconf 87' lang='lat' dir='ltr'><strong>rnde</strong></span> <span class='ocrx_word' id='word_1_65' title='bbox 793 1691 953 1760; x_wconf 92' lang='lat' dir='ltr'><strong>versibus</strong></span> <span class='ocrx_word' id='word_1_66' title='bbox 973 1713 1080 1778; x_wconf 90' lang='lat'>1—40</span> <span class='ocrx_word' id='word_1_67' title='bbox 1101 1689 1261 1759; x_wconf 89' lang='lat' dir='ltr'><strong>carminis</strong></span> <span class='ocrx_word' id='word_1_68' title='bbox 1278 1688 1425 1757; x_wconf 84' lang='lat' dir='ltr'>LXVIII</span> <span class='ocrx_word' id='word_1_69' title='bbox 1442 1713 1583 1780; x_wconf 91' lang='lat' dir='ltr'><strong>respon·</strong></span> 
     </span>
     <span class='ocr_line' id='line_1_11' title="bbox 306 1778 1582 1870; baseline 0 -22"><span class='ocrx_word' id='word_1_70' title='bbox 306 1782 366 1849; x_wconf 91' lang='lat' dir='ltr'><strong>det</strong></span> <span class='ocrx_word' id='word_1_71' title='bbox 388 1781 582 1864; x_wconf 86' lang='lat' dir='ltr'><strong>litterulis1)</strong></span> <span class='ocrx_word' id='word_1_72' title='bbox 606 1779 705 1848; x_wconf 87' lang='lat' dir='ltr'><strong>amici</strong></span> <span class='ocrx_word' id='word_1_73' title='bbox 729 1779 833 1862; x_wconf 88' lang='lat' dir='ltr'><strong>Malli,</strong></span> <span class='ocrx_word' id='word_1_74' title='bbox 859 1780 917 1869; x_wconf 92' lang='lat' dir='ltr'><strong>qui</strong></span> <span class='ocrx_word' id='word_1_75' title='bbox 942 1781 974 1849; x_wconf 90' lang='lat' dir='ltr'><strong>in</strong></span> <span class='ocrx_word' id='word_1_76' title='bbox 998 1780 1111 1848; x_wconf 84' lang='lat' dir='ltr'><strong>vicmo</strong></span> <span class='ocrx_word' id='word_1_77' title='bbox 1137 1778 1272 1848; x_wconf 89' lang='lat' dir='ltr'><strong>Galliae</strong></span> <span class='ocrx_word' id='word_1_78' title='bbox 1300 1778 1500 1869; x_wconf 89' lang='lat' dir='ltr'><strong>Cisalpinae</strong></span> <span class='ocrx_word' id='word_1_79' title='bbox 1524 1803 1582 1870; x_wconf 92' lang='lat' dir='ltr'><strong>op-</strong></span> 
     </span>
     <span class='ocr_line' id='line_1_12' title="bbox 307 1868 1582 1959; baseline 0.001 -23"><span class='ocrx_word' id='word_1_80' title='bbox 307 1869 387 1959; x_wconf 93' lang='lat' dir='ltr'><strong>pido</strong></span> <span class='ocrx_word' id='word_1_81' title='bbox 420 1869 607 1938; x_wconf 87' lang='lat' dir='ltr'><strong>habitabat.</strong></span> <span class='ocrx_word' id='word_1_82' title='bbox 655 1870 687 1937; x_wconf 94' lang='lat' dir='ltr'><strong>Is</strong></span> <span class='ocrx_word' id='word_1_83' title='bbox 716 1869 806 1937; x_wconf 88' lang='lat' dir='ltr'><strong>enim</strong></span> <span class='ocrx_word' id='word_1_84' title='bbox 837 1869 938 1954; x_wconf 85' lang='lat' dir='ltr'><strong>gravi</strong></span> <span class='ocrx_word' id='word_1_85' title='bbox 969 1892 1053 1937; x_wconf 88' lang='lat' dir='ltr'><strong>casu</strong></span> <span class='ocrx_word' id='word_1_86' title='bbox 1084 1870 1234 1937; x_wconf 92' lang='lat' dir='ltr'><strong>adverso</strong></span> <span class='ocrx_word' id='word_1_87' title='bbox 1265 1868 1412 1936; x_wconf 80' lang='lat' dir='ltr'><strong>afflictus</strong></span> <span class='ocrx_word' id='word_1_88' title='bbox 1443 1868 1582 1937; x_wconf 91' lang='lat' dir='ltr'><strong>Catullo</strong></span> 
     </span>
     <span class='ocr_line' id='line_1_13' title="bbox 306 1957 1582 2047; baseline -0.001 -20"><span class='ocrx_word' id='word_1_89' title='bbox 306 1958 503 2047; x_wconf 88' lang='lat' dir='ltr'><strong>scripserat,</strong></span> <span class='ocrx_word' id='word_1_90' title='bbox 528 1972 565 2027; x_wconf 92' lang='lat' dir='ltr'><strong>ut</strong></span> <span class='ocrx_word' id='word_1_91' title='bbox 582 1982 624 2027; x_wconf 92' lang='lat' dir='ltr'><strong>eo</strong></span> <span class='ocrx_word' id='word_1_92' title='bbox 641 1958 826 2026; x_wconf 88' lang='lat' dir='ltr'><strong>adiuvante</strong></span> <span class='ocrx_word' id='word_1_93' title='bbox 844 1958 1199 2040; x_wconf 77' lang='lat' dir='ltr'><strong>malas¹condiciones,</strong></span> <span class='ocrx_word' id='word_1_94' title='bbox 1221 1957 1254 2024; x_wconf 93' lang='lat' dir='ltr'><strong>in</strong></span> <span class='ocrx_word' id='word_1_95' title='bbox 1273 1957 1399 2046; x_wconf 92' lang='lat' dir='ltr'><strong>quibus</strong></span> <span class='ocrx_word' id='word_1_96' title='bbox 1418 1971 1490 2025; x_wconf 95' lang='lat' dir='ltr'><strong>tum</strong></span> <span class='ocrx_word' id='word_1_97' title='bbox 1508 1981 1582 2026; x_wconf 87' lang='lat' dir='ltr'><strong>ver·</strong></span> 
     </span>
     <span class='ocr_line' id='line_1_14' title="bbox 306 2045 1581 2137; baseline -0.002 -21"><span class='ocrx_word' id='word_1_98' title='bbox 306 2049 459 2128; x_wconf 88' lang='lat' dir='ltr'><strong>sabatur,</strong></span> <span class='ocrx_word' id='word_1_99' title='bbox 476 2047 694 2116; x_wconf 88' lang='lat' dir='ltr'><strong>eluctaretur.</strong></span> <span class='ocrx_word' id='word_1_100' title='bbox 731 2047 955 2133; x_wconf 87' lang='lat' dir='ltr'><strong>Querebatur</strong></span> <span class='ocrx_word' id='word_1_101' title='bbox 972 2069 1059 2134; x_wconf 88' lang='lat' dir='ltr'><strong>ergo</strong></span> <span class='ocrx_word' id='word_1_102' title='bbox 1075 2046 1167 2137; x_wconf 91' lang='lat' dir='ltr'><strong>apud</strong></span> <span class='ocrx_word' id='word_1_103' title='bbox 1184 2058 1323 2135; x_wconf 74' lang='lat' dir='ltr'><strong>poetam</strong></span> <span class='ocrx_word' id='word_1_104' title='bbox 1341 2045 1405 2115; x_wconf 88' lang='lat' dir='ltr'><strong>sibi</strong></span> <span class='ocrx_word' id='word_1_105' title='bbox 1422 2068 1581 2114; x_wconf 87' lang='lat' dir='ltr'><strong>somnum</strong></span> 
     </span>
     <span class='ocr_line' id='line_1_15' title="bbox 307 2135 1582 2225; baseline 0.001 -22"><span class='ocrx_word' id='word_1_106' title='bbox 307 2136 451 2217; x_wconf 90' lang='lat' dir='ltr'><strong>deesse,</strong></span> <span class='ocrx_word' id='word_1_107' title='bbox 477 2159 580 2224; x_wconf 91' lang='lat' dir='ltr'><strong>quem</strong></span> <span class='ocrx_word' id='word_1_108' title='bbox 605 2159 718 2225; x_wconf 91' lang='lat' dir='ltr'><strong>neque</strong></span> <span class='ocrx_word' id='word_1_109' title='bbox 744 2136 890 2204; x_wconf 87' lang='lat' dir='ltr'><strong>Veneris</strong></span> <span class='ocrx_word' id='word_1_110' title='bbox 913 2136 1052 2223; x_wconf 84' lang='lat' dir='ltr'><strong>gaudiis</strong></span> <span class='ocrx_word' id='word_1_111' title='bbox 1077 2135 1251 2204; x_wconf 87' lang='lat' dir='ltr'><strong>adducere</strong></span> <span class='ocrx_word' id='word_1_112' title='bbox 1275 2149 1413 2224; x_wconf 90' lang='lat' dir='ltr'><strong>posset,</strong></span> <span class='ocrx_word' id='word_1_113' title='bbox 1439 2135 1519 2224; x_wconf 92' lang='lat' dir='ltr'><strong>quia</strong></span> <span class='ocrx_word' id='word_1_114' title='bbox 1542 2158 1582 2204; x_wconf 89' lang='lat' dir='ltr'><strong>se</strong></span> 
     </span>
     <span class='ocr_line' id='line_1_16' title="bbox 306 2223 1580 2315; baseline 0 -23"><span class='ocrx_word' id='word_1_115' title='bbox 306 2248 428 2293; x_wconf 92' lang='lat' dir='ltr'><strong>eorum</strong></span> <span class='ocrx_word' id='word_1_116' title='bbox 445 2225 478 2293; x_wconf 92' lang='lat' dir='ltr'><strong>in</strong></span> <span class='ocrx_word' id='word_1_117' title='bbox 495 2247 664 2315; x_wconf 87' lang='lat' dir='ltr'><strong>praesens</strong></span> <span class='ocrx_word' id='word_1_118' title='bbox 681 2225 849 2305; x_wconf 88' lang='lat' dir='ltr'><strong>taederet,</strong></span> <span class='ocrx_word' id='word_1_119' title='bbox 874 2240 979 2313; x_wconf 91' lang='lat' dir='ltr'><strong>atque</strong></span> <span class='ocrx_word' id='word_1_120' title='bbox 995 2225 1165 2296; x_wconf 89' lang='lat' dir='ltr'><strong>insomnia</strong></span> <span class='ocrx_word' id='word_1_121' title='bbox 1181 2248 1220 2293; x_wconf 86' lang='lat' dir='ltr'><strong>se</strong></span> <span class='ocrx_word' id='word_1_122' title='bbox 1237 2223 1357 2292; x_wconf 89' lang='lat' dir='ltr'><strong>levare</strong></span> <span class='ocrx_word' id='word_1_123' title='bbox 1379 2247 1448 2292; x_wconf 90' lang='lat' dir='ltr'><strong>non</strong></span> <span class='ocrx_word' id='word_1_124' title='bbox 1489 2247 1580 2302; x_wconf 90' lang='lat' dir='ltr'><strong>osse,</strong></span> 
     </span>
     <span class='ocr_line' id='line_1_17' title="bbox 306 2249 1581 2403; baseline -0.001 -21"><span class='ocrx_word' id='word_1_125' title='bbox 306 2337 384 2382; x_wconf 93' lang='lat' dir='ltr'><strong>cum</strong></span> <span class='ocrx_word' id='word_1_126' title='bbox 409 2328 549 2382; x_wconf 89' lang='lat' dir='ltr'><strong>veteres</strong></span> <span class='ocrx_word' id='word_1_127' title='bbox 562 2326 697 2403; x_wconf 78' lang='lat' dir='ltr'><strong>poetae,</strong></span> <span class='ocrx_word' id='word_1_128' title='bbox 715 2313 772 2400; x_wconf 93' lang='lat' dir='ltr'><strong>qui</strong></span> <span class='ocrx_word' id='word_1_129' title='bbox 789 2314 854 2382; x_wconf 92' lang='lat' dir='ltr'><strong>soli</strong></span> <span class='ocrx_word' id='word_1_130' title='bbox 870 2315 935 2382; x_wconf 91' lang='lat' dir='ltr'><strong>sibi</strong></span> <span class='ocrx_word' id='word_1_131' title='bbox 951 2326 1079 2395; x_wconf 90' lang='lat' dir='ltr'><strong>essent,</strong></span> <span class='ocrx_word' id='word_1_132' title='bbox 1104 2313 1185 2382; x_wconf 92' lang='lat' dir='ltr'><strong>odio</strong></span> <span class='ocrx_word' id='word_1_133' title='bbox 1201 2313 1268 2380; x_wconf 91' lang='lat' dir='ltr'><strong>iam</strong></span> <span class='ocrx_word' id='word_1_134' title='bbox 1286 2312 1420 2382; x_wconf 84' lang='lat' dir='ltr'><strong>fierent.</strong></span> <span class='ocrx_word' id='word_1_135' title='bbox 1460 2249 1581 2402; x_wconf 76' lang='lat' dir='ltr'><strong>llaque</strong></span> 
     </span>
     <span class='ocr_line' id='line_1_18' title="bbox 307 2401 1581 2480; baseline -0.002 -8"><span class='ocrx_word' id='word_1_136' title='bbox 307 2401 483 2472; x_wconf 87' lang='lat' dir='ltr'><strong>Catullum</strong></span> <span class='ocrx_word' id='word_1_137' title='bbox 508 2403 630 2480; x_wconf 86' lang='lat' dir='ltr'><strong>oravit,</strong></span> <span class='ocrx_word' id='word_1_138' title='bbox 661 2415 699 2470; x_wconf 92' lang='lat' dir='ltr'><strong>ut</strong></span> <span class='ocrx_word' id='word_1_139' title='bbox 722 2401 787 2470; x_wconf 91' lang='lat' dir='ltr'><strong>sibi</strong></span> <span class='ocrx_word' id='word_1_140' title='bbox 821 2415 855 2470; x_wconf 88' lang='lat' dir='ltr'><strong>et</strong></span> <span class='ocrx_word' id='word_1_141' title='bbox 885 2425 1044 2471; x_wconf 89' lang='lat' dir='ltr'><strong>»munera</strong></span> <span class='ocrx_word' id='word_1_142' title='bbox 1067 2402 1230 2470; x_wconf 87' lang='lat' dir='ltr'><strong>Veneris«</strong></span> <span class='ocrx_word' id='word_1_143' title='bbox 1260 2415 1295 2470; x_wconf 91' lang='lat' dir='ltr'><strong>et</strong></span> <span class='ocrx_word' id='word_1_144' title='bbox 1326 2425 1485 2470; x_wconf 87' lang='lat' dir='ltr'><strong>»munera</strong></span> <span class='ocrx_word' id='word_1_145' title='bbox 1509 2403 1581 2470; x_wconf 91' lang='lat' dir='ltr'><strong>Mu-</strong></span> 
     </span>
     <span class='ocr_line' id='line_1_19' title="bbox 306 2490 1582 2581; baseline 0 -23"><span class='ocrx_word' id='word_1_146' title='bbox 306 2513 438 2559; x_wconf 89' lang='lat' dir='ltr'><strong>sarum«</strong></span> <span class='ocrx_word' id='word_1_147' title='bbox 461 2490 660 2574; x_wconf 91' lang='lat' dir='ltr'><strong>vindicaret,</strong></span> <span class='ocrx_word' id='word_1_148' title='bbox 686 2491 705 2558; x_wconf 93' lang='lat' dir='ltr'><strong>i.</strong></span> <span class='ocrx_word' id='word_1_149' title='bbox 732 2514 761 2558; x_wconf 92' lang='lat' dir='ltr'><strong>e.</strong></span> <span class='ocrx_word' id='word_1_150' title='bbox 789 2494 819 2577; x_wconf 87' lang='lat'><strong>1)</strong></span> <span class='ocrx_word' id='word_1_151' title='bbox 844 2503 881 2558; x_wconf 93' lang='lat' dir='ltr'><strong>ut</strong></span> <span class='ocrx_word' id='word_1_152' title='bbox 905 2492 949 2558; x_wconf 94' lang='lat' dir='ltr'><strong>ad</strong></span> <span class='ocrx_word' id='word_1_153' title='bbox 974 2514 1012 2560; x_wconf 89' lang='lat' dir='ltr'><strong>se</strong></span> <span class='ocrx_word' id='word_1_154' title='bbox 1037 2491 1172 2559; x_wconf 87' lang='lat' dir='ltr'><strong>veniret</strong></span> <span class='ocrx_word' id='word_1_155' title='bbox 1191 2490 1343 2577; x_wconf 88' lang='lat' dir='ltr'><strong>Verona,</strong></span> <span class='ocrx_word' id='word_1_156' title='bbox 1370 2492 1463 2580; x_wconf 92' lang='lat' dir='ltr'><strong>quod</strong></span> <span class='ocrx_word' id='word_1_157' title='bbox 1488 2491 1582 2581; x_wconf 92' lang='lat' dir='ltr'><strong>oppi-</strong></span> 
     </span>
     <span class='ocr_line' id='line_1_20' title="bbox 306 2579 1581 2669; baseline 0 -22"><span class='ocrx_word' id='word_1_158' title='bbox 306 2581 424 2647; x_wconf 90' lang='lat' dir='ltr'><strong>dulum</strong></span> <span class='ocrx_word' id='word_1_159' title='bbox 459 2579 719 2648; x_wconf 89' lang='lat' dir='ltr'><strong>severissimum</strong></span> <span class='ocrx_word' id='word_1_160' title='bbox 748 2580 840 2648; x_wconf 90' lang='lat' dir='ltr'><strong>laeto</strong></span> <span class='ocrx_word' id='word_1_161' title='bbox 867 2592 993 2669; x_wconf 77' lang='lat' dir='ltr'><strong>poetae</strong></span> <span class='ocrx_word' id='word_1_162' title='bbox 1023 2579 1137 2648; x_wconf 92' lang='lat' dir='ltr'><strong>animo</strong></span> <span class='ocrx_word' id='word_1_163' title='bbox 1171 2602 1215 2647; x_wconf 88' lang='lat' dir='ltr'><strong>ex</strong></span> <span class='ocrx_word' id='word_1_164' title='bbox 1248 2580 1325 2669; x_wconf 92' lang='lat' dir='ltr'><strong>ipso</strong></span> <span class='ocrx_word' id='word_1_165' title='bbox 1358 2603 1427 2647; x_wconf 92' lang='lat' dir='ltr'><strong>non</strong></span> <span class='ocrx_word' id='word_1_166' title='bbox 1459 2593 1581 2668; x_wconf 88' lang='lat' dir='ltr'><strong>posset</strong></span> 
     </span>
     <span class='ocr_line' id='line_1_21' title="bbox 305 2667 1581 2757; baseline 0 -21"><span class='ocrx_word' id='word_1_167' title='bbox 305 2669 455 2757; x_wconf 87' lang='lat' dir='ltr'><strong>placere,</strong></span> <span class='ocrx_word' id='word_1_168' title='bbox 480 2690 591 2757; x_wconf 88' lang='lat' dir='ltr'><strong>seque</strong></span> <span class='ocrx_word' id='word_1_169' title='bbox 608 2669 652 2735; x_wconf 95' lang='lat' dir='ltr'><strong>ad</strong></span> <span class='ocrx_word' id='word_1_170' title='bbox 669 2691 780 2737; x_wconf 92' lang='lat' dir='ltr'><strong>novos</strong></span> <span class='ocrx_word' id='word_1_171' title='bbox 796 2667 954 2737; x_wconf 91' lang='lat' dir='ltr'><strong>incitaret</strong></span> <span class='ocrx_word' id='word_1_172' title='bbox 969 2691 1117 2752; x_wconf 71' lang='lat' dir='ltr'><strong>amores</strong></span> <span class='ocrx_word' id='word_1_173' title='bbox 1144 2681 1178 2736; x_wconf 91' lang='lat' dir='ltr'><strong>et</strong></span> <span class='ocrx_word' id='word_1_174' title='bbox 1198 2673 1232 2753; x_wconf 84' lang='lat'><strong>2)</strong></span> <span class='ocrx_word' id='word_1_175' title='bbox 1249 2682 1285 2736; x_wconf 91' lang='lat' dir='ltr'><strong>ut</strong></span> <span class='ocrx_word' id='word_1_176' title='bbox 1303 2691 1421 2737; x_wconf 91' lang='lat' dir='ltr'><strong>secum</strong></span> <span class='ocrx_word' id='word_1_177' title='bbox 1438 2669 1581 2736; x_wconf 84' lang='lat' dir='ltr'><strong>afferret</strong></span> 
     </span>
     <span class='ocr_line' id='line_1_22' title="bbox 305 2756 1580 2847; baseline 0 -22"><span class='ocrx_word' id='word_1_178' title='bbox 305 2781 397 2825; x_wconf 90' lang='lat' dir='ltr'><strong>nova</strong></span> <span class='ocrx_word' id='word_1_179' title='bbox 431 2757 539 2846; x_wconf 88' lang='lat' dir='ltr'><strong>ipsius</strong></span> <span class='ocrx_word' id='word_1_180' title='bbox 575 2757 790 2845; x_wconf 88' lang='lat' dir='ltr'><strong>aliorumque</strong></span> <span class='ocrx_word' id='word_1_181' title='bbox 834 2770 1006 2847; x_wconf 73' lang='lat' dir='ltr'><strong>poemata.</strong></span> <span class='ocrx_word' id='word_1_182' title='bbox 1066 2757 1133 2826; x_wconf 94' lang='lat' dir='ltr'><strong>Cui</strong></span> <span class='ocrx_word' id='word_1_183' title='bbox 1175 2759 1366 2847; x_wconf 89' lang='lat' dir='ltr'><strong>respondet</strong></span> <span class='ocrx_word' id='word_1_184' title='bbox 1403 2756 1580 2826; x_wconf 88' lang='lat' dir='ltr'><strong>Catullus:</strong></span> 
     </span>
     <span class='ocr_line' id='line_1_23' title="bbox 309 2846 1580 2935; baseline 0.001 -22"><span class='ocrx_word' id='word_1_185' title='bbox 309 2855 337 2926; x_wconf 80' lang='lat'><strong>1)</strong></span> <span class='ocrx_word' id='word_1_186' title='bbox 361 2847 426 2914; x_wconf 89' lang='lat' dir='ltr'><strong>sibi</strong></span> <span class='ocrx_word' id='word_1_187' title='bbox 449 2846 564 2915; x_wconf 81' lang='lat' dir='ltr'><strong>fratris</strong></span> <span class='ocrx_word' id='word_1_188' title='bbox 589 2859 700 2914; x_wconf 92' lang='lat' dir='ltr'><strong>morte</strong></span> <span class='ocrx_word' id='word_1_189' title='bbox 724 2847 925 2916; x_wconf 90' lang='lat' dir='ltr'><strong>contristato</strong></span> <span class='ocrx_word' id='word_1_190' title='bbox 949 2847 1077 2915; x_wconf 90' lang='lat' dir='ltr'><strong>nullam</strong></span> <span class='ocrx_word' id='word_1_191' title='bbox 1095 2847 1128 2914; x_wconf 93' lang='lat' dir='ltr'><strong>in</strong></span> <span class='ocrx_word' id='word_1_192' title='bbox 1144 2847 1297 2914; x_wconf 86' lang='lat' dir='ltr'><strong>»studiis«</strong></span> <span class='ocrx_word' id='word_1_193' title='bbox 1316 2847 1447 2915; x_wconf 91' lang='lat' dir='ltr'><strong>amoris</strong></span> <span class='ocrx_word' id='word_1_194' title='bbox 1464 2847 1580 2935; x_wconf 91' lang='lat' dir='ltr'><strong>volup·</strong></span> 
     </span>
     <span class='ocr_line' id='line_1_24' title="bbox 305 2935 1582 3025; baseline 0.001 -23"><span class='ocrx_word' id='word_1_195' title='bbox 305 2948 410 3004; x_wconf 89' lang='lat' dir='ltr'><strong>tatem</strong></span> <span class='ocrx_word' id='word_1_196' title='bbox 437 2958 517 3004; x_wconf 90' lang='lat' dir='ltr'><strong>esse</strong></span> <span class='ocrx_word' id='word_1_197' title='bbox 541 2936 691 3024; x_wconf 89' lang='lat' dir='ltr'><strong>ideoque</strong></span> <span class='ocrx_word' id='word_1_198' title='bbox 715 2957 754 3003; x_wconf 93' lang='lat' dir='ltr'><strong>se</strong></span> <span class='ocrx_word' id='word_1_199' title='bbox 777 2936 892 3025; x_wconf 94' lang='lat' dir='ltr'><strong>potius</strong></span> <span class='ocrx_word' id='word_1_200' title='bbox 916 2935 1078 3004; x_wconf 88' lang='lat' dir='ltr'><strong>Veronae</strong></span> <span class='ocrx_word' id='word_1_201' title='bbox 1102 2935 1247 3019; x_wconf 89' lang='lat' dir='ltr'><strong>morari;</strong></span> <span class='ocrx_word' id='word_1_202' title='bbox 1272 2947 1307 3004; x_wconf 93' lang='lat' dir='ltr'><strong>et</strong></span> <span class='ocrx_word' id='word_1_203' title='bbox 1330 2937 1365 3022; x_wconf 86' lang='lat'><strong>2)</strong></span> <span class='ocrx_word' id='word_1_204' title='bbox 1390 2938 1485 3024; x_wconf 92' lang='lat' dir='ltr'><strong>quod</strong></span> <span class='ocrx_word' id='word_1_205' title='bbox 1502 2949 1582 3025; x_wconf 73' lang='lat' dir='ltr'><strong>poe-</strong></span> 
     </span>
     <span class='ocr_line' id='line_1_25' title="bbox 305 3024 1581 3114; baseline 0.002 -24"><span class='ocrx_word' id='word_1_206' title='bbox 305 3037 398 3092; x_wconf 89' lang='lat' dir='ltr'><strong>mata</strong></span> <span class='ocrx_word' id='word_1_207' title='bbox 421 3024 580 3107; x_wconf 87' lang='lat' dir='ltr'><strong>attineat,</strong></span> <span class='ocrx_word' id='word_1_208' title='bbox 612 3046 652 3092; x_wconf 91' lang='lat' dir='ltr'><strong>se</strong></span> <span class='ocrx_word' id='word_1_209' title='bbox 682 3047 827 3113; x_wconf 89' lang='lat' dir='ltr'><strong>parvam</strong></span> <span class='ocrx_word' id='word_1_210' title='bbox 852 3037 984 3092; x_wconf 93' lang='lat' dir='ltr'><strong>tantum</strong></span> <span class='ocrx_word' id='word_1_211' title='bbox 1008 3024 1142 3114; x_wconf 92' lang='lat' dir='ltr'><strong>copiam</strong></span> <span class='ocrx_word' id='word_1_212' title='bbox 1167 3047 1287 3093; x_wconf 89' lang='lat' dir='ltr'><strong>secum</strong></span> <span class='ocrx_word' id='word_1_213' title='bbox 1319 3025 1467 3108; x_wconf 91' lang='lat' dir='ltr'><strong>habere,</strong></span> <span class='ocrx_word' id='word_1_214' title='bbox 1501 3024 1581 3112; x_wconf 91' lang='lat' dir='ltr'><strong>quia</strong></span> 
     </span>
     <span class='ocr_line' id='line_1_26' title="bbox 304 3111 1579 3200; baseline 0.001 -21"><span class='ocrx_word' id='word_1_215' title='bbox 304 3112 372 3179; x_wconf 90' lang='lat' dir='ltr'><strong>alia</strong></span> <span class='ocrx_word' id='word_1_216' title='bbox 388 3111 522 3181; x_wconf 89' lang='lat' dir='ltr'><strong>Romae</strong></span> <span class='ocrx_word' id='word_1_217' title='bbox 545 3111 785 3180; x_wconf 90' lang='lat' dir='ltr'><strong>remanserint.</strong></span> <span class='ocrx_word' id='word_1_218' title='bbox 832 3113 996 3200; x_wconf 86' lang='lat' dir='ltr'><strong>Ignoscat</strong></span> <span class='ocrx_word' id='word_1_219' title='bbox 1020 3135 1118 3200; x_wconf 88' lang='lat' dir='ltr'><strong>erg0,</strong></span> <span class='ocrx_word' id='word_1_220' title='bbox 1143 3136 1221 3182; x_wconf 91' lang='lat' dir='ltr'><strong>cum</strong></span> <span class='ocrx_word' id='word_1_221' title='bbox 1246 3113 1293 3181; x_wconf 90' lang='lat' dir='ltr'><strong>ita</strong></span> <span class='ocrx_word' id='word_1_222' title='bbox 1309 3135 1349 3181; x_wconf 90' lang='lat' dir='ltr'><strong>se</strong></span> <span class='ocrx_word' id='word_1_223' title='bbox 1366 3136 1424 3181; x_wconf 91' lang='lat' dir='ltr'><strong>res</strong></span> <span class='ocrx_word' id='word_1_224' title='bbox 1440 3114 1579 3194; x_wconf 92' lang='lat' dir='ltr'><strong>habeat,</strong></span> 
     </span>
     <span class='ocr_line' id='line_1_27' title="bbox 306 3200 1581 3291; baseline 0.001 -24"><span class='ocrx_word' id='word_1_225' title='bbox 306 3200 446 3283; x_wconf 73' lang='lat' dir='ltr'><strong>amicus</strong></span> <span class='ocrx_word' id='word_1_226' title='bbox 470 3201 499 3268; x_wconf 91' lang='lat' dir='ltr'><strong>si</strong></span> <span class='ocrx_word' id='word_1_227' title='bbox 522 3223 590 3269; x_wconf 94' lang='lat' dir='ltr'><strong>non</strong></span> <span class='ocrx_word' id='word_1_228' title='bbox 614 3212 809 3290; x_wconf 88' lang='lat' dir='ltr'><strong>utrumque,</strong></span> <span class='ocrx_word' id='word_1_229' title='bbox 835 3203 897 3270; x_wconf 90' lang='lat' dir='ltr'><strong>sed</strong></span> <span class='ocrx_word' id='word_1_230' title='bbox 923 3203 1126 3270; x_wconf 91' lang='lat' dir='ltr'><strong>alterutrum</strong></span> <span class='ocrx_word' id='word_1_231' title='bbox 1152 3203 1270 3285; x_wconf 93' lang='lat' dir='ltr'><strong>mod0,</strong></span> <span class='ocrx_word' id='word_1_232' title='bbox 1302 3214 1464 3291; x_wconf 73' lang='lat' dir='ltr'><strong>poemata</strong></span> <span class='ocrx_word' id='word_1_233' title='bbox 1488 3200 1581 3269; x_wconf 91' lang='lat' dir='ltr'><strong>illius</strong></span> 
     </span>
     <span class='ocr_line' id='line_1_28' title="bbox 306 3289 1581 3380; baseline 0.002 -25"><span class='ocrx_word' id='word_1_234' title='bbox 306 3289 405 3356; x_wconf 88' lang='lat' dir='ltr'><strong>unius</strong></span> <span class='ocrx_word' id='word_1_235' title='bbox 429 3312 469 3358; x_wconf 91' lang='lat' dir='ltr'><strong>ca</strong></span> <span class='ocrx_word' id='word_1_236' title='bbox 495 3291 606 3372; x_wconf 90' lang='lat' dir='ltr'><strong>sulae,</strong></span> <span class='ocrx_word' id='word_1_237' title='bbox 632 3290 743 3357; x_wconf 89' lang='lat' dir='ltr'><strong>oranti</strong></span> <span class='ocrx_word' id='word_1_238' title='bbox 767 3290 886 3358; x_wconf 87' lang='lat' dir='ltr'><strong>mittat.</strong></span> <span class='ocrx_word' id='word_1_239' title='bbox 934 3290 972 3358; x_wconf 82' lang='lat' dir='ltr'><strong>Si</strong></span> <span class='ocrx_word' id='word_1_240' title='bbox 997 3291 1087 3359; x_wconf 88' lang='lat' dir='ltr'><strong>enim</strong></span> <span class='ocrx_word' id='word_1_241' title='bbox 1112 3304 1243 3380; x_wconf 91' lang='lat' dir='ltr'><strong>posset,</strong></span> <span class='ocrx_word' id='word_1_242' title='bbox 1270 3314 1308 3358; x_wconf 92' lang='lat' dir='ltr'><strong>se</strong></span> <span class='ocrx_word' id='word_1_243' title='bbox 1332 3313 1396 3358; x_wconf 91' lang='lat' dir='ltr'><strong>sua</strong></span> <span class='ocrx_word' id='word_1_244' title='bbox 1420 3294 1581 3380; x_wconf 80' lang='lat' dir='ltr'><strong>sponte2)</strong></span> 
     </span>
    </p>

    <p class='ocr_par' dir='ltr' id='par_1_5' title="bbox 304 3379 922 3466">
     <span class='ocr_line' id='line_1_29' title="bbox 304 3379 922 3466; baseline 0 -20"><span class='ocrx_word' id='word_1_245' title='bbox 304 3391 422 3466; x_wconf 91' lang='lat' dir='ltr'><strong>optata</strong></span> <span class='ocrx_word' id='word_1_246' title='bbox 485 3379 564 3447; x_wconf 90' lang='lat' dir='ltr'><strong>allio</strong></span> <span class='ocrx_word' id='word_1_247' title='bbox 589 3379 782 3447; x_wconf 90' lang='lat' dir='ltr'><strong>delaturum</strong></span> <span class='ocrx_word' id='word_1_248' title='bbox 806 3379 922 3448; x_wconf 89' lang='lat' dir='ltr'><strong>fuisse.</strong></span> 
     </span>
    </p>
   </div>
   <div class='ocr_carea' id='block_1_5' title="bbox 301 3998 1657 4426">
    <p class='ocr_par' dir='ltr' id='par_1_6' title="bbox 301 3998 1657 4426">
     <span class='ocr_line' id='line_1_30' title="bbox 414 3998 1581 4071; baseline -0.002 -17"><span class='ocrx_word' id='word_1_249' title='bbox 414 3998 432 4067; x_wconf 81' lang='lat'><strong>¹)</strong></span> <span class='ocrx_word' id='word_1_250' title='bbox 452 3999 521 4054; x_wconf 91' lang='lat' dir='ltr'><strong>Veri</strong></span> <span class='ocrx_word' id='word_1_251' title='bbox 542 3999 722 4055; x_wconf 92' lang='lat' dir='ltr'><strong>simillimum</strong></span> <span class='ocrx_word' id='word_1_252' title='bbox 736 4009 781 4055; x_wconf 91' lang='lat' dir='ltr'><strong>est</strong></span> <span class='ocrx_word' id='word_1_253' title='bbox 794 4000 873 4055; x_wconf 88' lang='lat' dir='ltr'><strong>Malli</strong></span> <span class='ocrx_word' id='word_1_254' title='bbox 893 4001 1060 4071; x_wconf 88' lang='lat' dir='ltr'><strong>epistolium</strong></span> <span class='ocrx_word' id='word_1_255' title='bbox 1079 4001 1260 4057; x_wconf 89' lang='lat' dir='ltr'><strong>versibus</strong></span> <span class='ocrx_word' id='word_1_256' title='bbox 1273 4001 1475 4071; x_wconf 88' lang='lat' dir='ltr'><strong>conscriptum</strong></span> <span class='ocrx_word' id='word_1_257' title='bbox 1491 3999 1581 4053; x_wconf 89' lang='lat' dir='ltr'><strong>luisse</strong></span> 
     </span>
     <span class='ocr_line' id='line_1_31' title="bbox 302 4069 1657 4142; baseline -0.002 -16"><span class='ocrx_word' id='word_1_258' title='bbox 302 4072 444 4134; x_wconf 79' lang='lat' dir='ltr'><strong>(Munro</strong></span> <span class='ocrx_word' id='word_1_259' title='bbox 486 4088 576 4139; x_wconf 88' lang='lat' dir='ltr'><strong>.17o,</strong></span> <span class='ocrx_word' id='word_1_260' title='bbox 604 4071 693 4125; x_wconf 80' lang='lat' dir='ltr'><strong>ssirt.</strong></span> <span class='ocrx_word' id='word_1_261' title='bbox 717 4088 744 4141; x_wconf 91' lang='lat' dir='ltr'><strong>p.</strong></span> <span class='ocrx_word' id='word_1_262' title='bbox 763 4071 827 4142; x_wconf 80' lang='lat' dir='ltr'><strong>3l4).</strong></span> <span class='ocrx_word' id='word_1_263' title='bbox 864 4071 921 4126; x_wconf 91' lang='lat' dir='ltr'><strong>Hic</strong></span> <span class='ocrx_word' id='word_1_264' title='bbox 945 4073 1024 4127; x_wconf 93' lang='lat' dir='ltr'><strong>enim</strong></span> <span class='ocrx_word' id='word_1_265' title='bbox 1052 4089 1116 4128; x_wconf 91' lang='lat' dir='ltr'><strong>mos</strong></span> <span class='ocrx_word' id='word_1_266' title='bbox 1141 4081 1205 4127; x_wconf 87' lang='lat' dir='ltr'><strong>erat</strong></span> <span class='ocrx_word' id='word_1_267' title='bbox 1231 4071 1308 4126; x_wconf 90' lang='lat' dir='ltr'><strong>inter</strong></span> <span class='ocrx_word' id='word_1_268' title='bbox 1334 4071 1444 4126; x_wconf 87' lang='lat' dir='ltr'><strong>Catulli</strong></span> <span class='ocrx_word' id='word_1_269' title='bbox 1469 4069 1582 4124; x_wconf 89' lang='lat' dir='ltr'><strong>amicos</strong></span> <span class='ocrx_word' id='word_1_270' title='bbox 1654 4093 1657 4098; x_wconf 93' lang='lat'>·</span> 
     </span>
     <span class='ocr_line' id='line_1_32' title="bbox 302 4140 1581 4213; baseline -0.001 -16"><span class='ocrx_word' id='word_1_271' title='bbox 302 4140 347 4210; x_wconf 82' lang='lat' dir='ltr'><strong>(cs.</strong></span> <span class='ocrx_word' id='word_1_272' title='bbox 358 4160 381 4197; x_wconf 92' lang='lat' dir='ltr'><strong>c.</strong></span> <span class='ocrx_word' id='word_1_273' title='bbox 393 4141 451 4196; x_wconf 90' lang='lat' dir='ltr'><strong>XX</strong></span> <span class='ocrx_word' id='word_1_274' title='bbox 482 4140 567 4210; x_wconf 84' lang='lat' dir='ltr'><strong>VIII).</strong></span> <span class='ocrx_word' id='word_1_275' title='bbox 588 4141 655 4210; x_wconf 83' lang='lat' dir='ltr'><strong>Quo</strong></span> <span class='ocrx_word' id='word_1_276' title='bbox 668 4141 757 4197; x_wconf 91' lang='lat' dir='ltr'><strong>etiam</strong></span> <span class='ocrx_word' id='word_1_277' title='bbox 772 4142 944 4213; x_wconf 87' lang='lat' dir='ltr'><strong>declaratur,</strong></span> <span class='ocrx_word' id='word_1_278' title='bbox 958 4160 1009 4198; x_wconf 92' lang='lat' dir='ltr'><strong>cur</strong></span> <span class='ocrx_word' id='word_1_279' title='bbox 1020 4142 1152 4197; x_wconf 88' lang='lat' dir='ltr'><strong>Catullus</strong></span> <span class='ocrx_word' id='word_1_280' title='bbox 1166 4142 1266 4213; x_wconf 80' lang='lat' dir='ltr'><strong>tristi5,</strong></span> <span class='ocrx_word' id='word_1_281' title='bbox 1281 4152 1312 4198; x_wconf 93' lang='lat' dir='ltr'><strong>ut</strong></span> <span class='ocrx_word' id='word_1_282' title='bbox 1326 4143 1402 4197; x_wconf 86' lang='lat' dir='ltr'><strong>dura</strong></span> <span class='ocrx_word' id='word_1_283' title='bbox 1417 4142 1581 4197; x_wconf 90' lang='lat' dir='ltr'><strong>litterarum</strong></span> 
     </span>
     <span class='ocr_line' id='line_1_33' title="bbox 301 4213 1582 4284; baseline 0 -17"><span class='ocrx_word' id='word_1_284' title='bbox 301 4213 485 4284; x_wconf 88' lang='lat' dir='ltr'><strong>privatarum</strong></span> <span class='ocrx_word' id='word_1_285' title='bbox 506 4223 682 4282; x_wconf 87' lang='lat' dir='ltr'><strong>argumenta</strong></span> <span class='ocrx_word' id='word_1_286' title='bbox 700 4214 837 4269; x_wconf 91' lang='lat' dir='ltr'><strong>versibus</strong></span> <span class='ocrx_word' id='word_1_287' title='bbox 857 4224 1006 4280; x_wconf 88' lang='lat' dir='ltr'><strong>tractaret,</strong></span> <span class='ocrx_word' id='word_1_288' title='bbox 1033 4230 1156 4283; x_wconf 90' lang='lat' dir='ltr'><strong>operam</strong></span> <span class='ocrx_word' id='word_1_289' title='bbox 1176 4213 1299 4269; x_wconf 90' lang='lat' dir='ltr'><strong>dederit.</strong></span> <span class='ocrx_word' id='word_1_290' title='bbox 1338 4213 1401 4268; x_wconf 91' lang='lat' dir='ltr'><strong>Sed</strong></span> <span class='ocrx_word' id='word_1_291' title='bbox 1429 4222 1517 4284; x_wconf 68' lang='lat' dir='ltr'><strong>poeta</strong></span> <span class='ocrx_word' id='word_1_292' title='bbox 1545 4230 1582 4268; x_wconf 89' lang='lat' dir='ltr'><strong>ex</strong></span> 
     </span>
     <span class='ocr_line' id='line_1_34' title="bbox 302 4283 1582 4355; baseline -0.001 -16"><span class='ocrx_word' id='word_1_293' title='bbox 302 4283 388 4339; x_wconf 89' lang='lat' dir='ltr'><strong>amici</strong></span> <span class='ocrx_word' id='word_1_294' title='bbox 413 4284 554 4339; x_wconf 87' lang='lat' dir='ltr'><strong>schedula</strong></span> <span class='ocrx_word' id='word_1_295' title='bbox 580 4285 726 4355; x_wconf 87' lang='lat' dir='ltr'><strong>quaedam</strong></span> <span class='ocrx_word' id='word_1_296' title='bbox 754 4302 770 4339; x_wconf 91' lang='lat' dir='ltr'><strong>e</strong></span> <span class='ocrx_word' id='word_1_297' title='bbox 795 4285 926 4340; x_wconf 90' lang='lat' dir='ltr'><strong>verbis</strong></span> <span class='ocrx_word' id='word_1_298' title='bbox 953 4284 1126 4340; x_wconf 84' lang='lat' dir='ltr'><strong>exaravisse</strong></span> <span class='ocrx_word' id='word_1_299' title='bbox 1150 4303 1208 4340; x_wconf 91' lang='lat' dir='ltr'><strong>non</strong></span> <span class='ocrx_word' id='word_1_300' title='bbox 1236 4286 1341 4355; x_wconf 93' lang='lat' dir='ltr'><strong>credo,</strong></span> <span class='ocrx_word' id='word_1_301' title='bbox 1370 4283 1427 4340; x_wconf 90' lang='lat' dir='ltr'><strong>etsi</strong></span> <span class='ocrx_word' id='word_1_302' title='bbox 1454 4285 1582 4339; x_wconf 88' lang='lat' dir='ltr'><strong>fortasse</strong></span> 
     </span>
     <span class='ocr_line' id='line_1_35' title="bbox 302 4355 880 4426; baseline 0.002 -17"><span class='ocrx_word' id='word_1_303' title='bbox 302 4372 513 4424; x_wconf 90' lang='lat' dir='ltr'><strong>nonnunquam</strong></span> <span class='ocrx_word' id='word_1_304' title='bbox 533 4355 610 4410; x_wconf 91' lang='lat' dir='ltr'><strong>illius</strong></span> <span class='ocrx_word' id='word_1_305' title='bbox 629 4373 719 4411; x_wconf 89' lang='lat' dir='ltr'><strong>voces</strong></span> <span class='ocrx_word' id='word_1_306' title='bbox 739 4356 880 4426; x_wconf 86' lang='lat' dir='ltr'><strong>respexit.</strong></span> 
     </span>
    </p>
   </div>
   <div class='ocr_carea' id='block_1_6' title="bbox 301 4458 1584 4747">
    <p class='ocr_par' dir='ltr' id='par_1_7' title="bbox 301 4458 1584 4747">
     <span class='ocr_line' id='line_1_36' title="bbox 410 4458 1583 4533; baseline 0.002 -18"><span class='ocrx_word' id='word_1_307' title='bbox 410 4458 429 4527; x_wconf 83' lang='lat'><strong>²)</strong></span> <span class='ocrx_word' id='word_1_308' title='bbox 450 4461 494 4516; x_wconf 90' lang='lat' dir='ltr'><strong>Ne</strong></span> <span class='ocrx_word' id='word_1_309' title='bbox 519 4463 622 4517; x_wconf 90' lang='lat' dir='ltr'><strong>tollere</strong></span> <span class='ocrx_word' id='word_1_310' title='bbox 647 4462 796 4518; x_wconf 90' lang='lat' dir='ltr'><strong>studueris</strong></span> <span class='ocrx_word' id='word_1_311' title='bbox 822 4463 915 4517; x_wconf 88' lang='lat' dir='ltr'><strong>verba</strong></span> <span class='ocrx_word' id='word_1_312' title='bbox 939 4463 1072 4529; x_wconf 79' lang='lat' dir='ltr'><strong>graviter</strong></span> <span class='ocrx_word' id='word_1_313' title='bbox 1101 4462 1255 4533; x_wconf 87' lang='lat' dir='ltr'><strong>opposita:</strong></span> <span class='ocrx_word' id='word_1_314' title='bbox 1286 4462 1583 4533; x_wconf 75' lang='lat' dir='ltr'><strong>›petenti—ultro«l</strong></span> 
     </span>
     <span class='ocr_line' id='line_1_37' title="bbox 302 4531 1581 4604; baseline 0.003 -19"><span class='ocrx_word' id='word_1_315' title='bbox 302 4532 344 4586; x_wconf 88' lang='lat' dir='ltr'><strong>Ea</strong></span> <span class='ocrx_word' id='word_1_316' title='bbox 364 4531 442 4587; x_wconf 88' lang='lat' dir='ltr'><strong>enim</strong></span> <span class='ocrx_word' id='word_1_317' title='bbox 469 4533 580 4604; x_wconf 89' lang='lat' dir='ltr'><strong>optime</strong></span> <span class='ocrx_word' id='word_1_318' title='bbox 605 4533 653 4588; x_wconf 92' lang='lat' dir='ltr'><strong>illo</strong></span> <span class='ocrx_word' id='word_1_319' title='bbox 673 4533 838 4588; x_wconf 86' lang='lat' dir='ltr'><strong>Horatiano</strong></span> <span class='ocrx_word' id='word_1_320' title='bbox 857 4533 921 4603; x_wconf 85' lang='lat' dir='ltr'><strong>(Ep.</strong></span> <span class='ocrx_word' id='word_1_321' title='bbox 941 4533 1069 4600; x_wconf 75' lang='lat' dir='ltr'><strong>Il12laalz</strong></span> <span class='ocrx_word' id='word_1_322' title='bbox 1091 4533 1221 4603; x_wconf 78' lang='lat' dir='ltr'><strong>»siquid</strong></span> <span class='ocrx_word' id='word_1_323' title='bbox 1248 4543 1346 4604; x_wconf 92' lang='lat' dir='ltr'><strong>petet,</strong></span> <span class='ocrx_word' id='word_1_324' title='bbox 1375 4535 1454 4588; x_wconf 91' lang='lat' dir='ltr'><strong>ultro</strong></span> <span class='ocrx_word' id='word_1_325' title='bbox 1482 4534 1581 4589; x_wconf 77' lang='lat' dir='ltr'><strong>defer‘</strong></span> 
     </span>
     <span class='ocr_line' id='line_1_38' title="bbox 301 4603 1584 4676; baseline 0.001 -19"><span class='ocrx_word' id='word_1_326' title='bbox 301 4611 512 4659; x_wconf 88' lang='lat' dir='ltr'><strong>sustentantur.</strong></span> <span class='ocrx_word' id='word_1_327' title='bbox 551 4604 653 4676; x_wconf 89' lang='lat' dir='ltr'><strong>Itaque</strong></span> <span class='ocrx_word' id='word_1_328' title='bbox 671 4622 768 4674; x_wconf 89' lang='lat' dir='ltr'><strong>neque</strong></span> <span class='ocrx_word' id='word_1_329' title='bbox 783 4604 906 4673; x_wconf 73' lang='lat' dir='ltr'><strong>»petite«</strong></span> <span class='ocrx_word' id='word_1_330' title='bbox 924 4604 1127 4660; x_wconf 90' lang='lat' dir='ltr'><strong>coniciendum</strong></span> <span class='ocrx_word' id='word_1_331' title='bbox 1142 4614 1186 4659; x_wconf 90' lang='lat' dir='ltr'><strong>est</strong></span> <span class='ocrx_word' id='word_1_332' title='bbox 1200 4603 1465 4672; x_wconf 85' lang='lat' dir='ltr'><strong>(Parthenius)</strong></span> <span class='ocrx_word' id='word_1_333' title='bbox 1485 4621 1584 4674; x_wconf 86' lang='lat' dir='ltr'><strong>neque</strong></span> 
     </span>
     <span class='ocr_line' id='line_1_39' title="bbox 304 4674 1270 4747; baseline 0.005 -22"><span class='ocrx_word' id='word_1_334' title='bbox 304 4675 411 4729; x_wconf 69' lang='lat' dir='ltr'><strong>»ultro«</strong></span> <span class='ocrx_word' id='word_1_335' title='bbox 433 4675 462 4730; x_wconf 91' lang='lat' dir='ltr'><strong>in</strong></span> <span class='ocrx_word' id='word_1_336' title='bbox 491 4676 597 4730; x_wconf 77' lang='lat' dir='ltr'><strong>»ultra«</strong></span> <span class='ocrx_word' id='word_1_337' title='bbox 619 4676 834 4730; x_wconf 89' lang='lat' dir='ltr'><strong>immutandum</strong></span> <span class='ocrx_word' id='word_1_338' title='bbox 854 4674 903 4743; x_wconf 84' lang='lat' dir='ltr'><strong>(M.</strong></span> <span class='ocrx_word' id='word_1_339' title='bbox 923 4675 1102 4730; x_wconf 90' lang='lat' dir='ltr'><strong>Schmidt.</strong></span> <span class='ocrx_word' id='word_1_340' title='bbox 1124 4693 1151 4746; x_wconf 91' lang='lat' dir='ltr'><strong>p.</strong></span> <span class='ocrx_word' id='word_1_341' title='bbox 1172 4677 1270 4747; x_wconf 77' lang='lat' dir='ltr'><strong>784l5).</strong></span> 
     </span>
    </p>
   </div>
   <div class='ocr_carea' id='block_1_7' title="bbox 0 0 1832 5332">
    <p class='ocr_par' dir='ltr' id='par_1_8' title="bbox 0 0 1832 5332">
     <span class='ocr_line' id='line_1_40' title="bbox 0 0 1832 5332; baseline 0 1"><span class='ocrx_word' id='word_1_342' title='bbox 0 0 1832 5332; x_wconf 95' lang='lat' dir='ltr'><strong> </strong></span> 
     </span>
    </p>
   </div>
  </div>
 </body>
</html>
