3656 5332
769 537 902 605 -as
949 556 991 565 -

541 903 543 908 ,
581 786 631 868 V.
660 786 723 868 ue
751 784 917 870 Catulli
945 785 1183 887 responsis.

224 1041 226 1046 ,
354 960 532 1042 CatulluS,
568 971 751 1050 postquam
786 983 890 1029 versu
924 959 1059 1030 decimo
1097 962 1165 1030 duo
1203 983 1346 1030 munera
1379 983 1524 1050 prorsus

244 1050 386 1119 diversa
421 1050 568 1118 amicum
610 1049 815 1139 poposcisse
880 1049 1105 1137 renuntiavit,
1149 1051 1193 1118 de
1226 1050 1278 1130 eis
1310 1050 1524 1139 respondere

246 1138 373 1228 incipit.
421 1139 541 1227 Atque
566 1161 655 1218 eum,
681 1160 770 1226 quae
794 1073 932 1207 Mallius
955 1138 1195 1227 requisiverat,
1220 1153 1280 1208 aut
1302 1138 1441 1207 omnino
1466 1152 1524 1206 aut

247 1251 290 1300 ex
322 1239 421 1318 parte
453 1239 694 1295 recusaturum
718 1248 799 1295 esse
823 1251 867 1296 ex
892 1227 968 1318 ipsa
991 1227 1231 1297 coniunctione
1255 1227 1338 1297 initii
1362 1227 1524 1296 adversa-

245 1317 317 1386 tiva
348 1323 395 1402 (v.
422 1339 459 1383 11
490 1316 595 1403 ›>sed«)
627 1329 782 1405 apparet.
829 1314 902 1384 Sed
926 1329 1045 1406 poeta,
1078 1317 1278 1407 priusquam
1309 1339 1467 1385 »munera
1491 1330 1526 1385 et

247 1406 426 1474 Musarum
451 1418 486 1473 et
502 1404 665 1473 Veneris«
688 1404 887 1495 singulatim
912 1428 976 1494 pro
1000 1427 1040 1473 se
1064 1428 1224 1495 quaeque
1241 1417 1375 1485 tractat,
1400 1405 1525 1494 aprin-

245 1495 336 1585 cipio
360 1500 428 1579 (vv.
456 1500 597 1581 11—14)
627 1492 659 1562 in
690 1493 891 1562 universum
916 1495 1119 1564 miserarum
1143 1494 1252 1585 ipsius
1276 1493 1523 1577 condicionum,

272 1583 372 1652 uibus
396 1584 501 1651 »dona
527 1585 642 1653 beata«
666 1583 751 1650 dare
774 1583 1009 1673 prohibeatur,
1045 1584 1304 1653 excusationem
1330 1597 1523 1674 praeparat.

246 1608 378 1741 lerum
413 1674 505 1740 hunc
542 1672 656 1741 locum
687 1684 758 1739 tum
790 1672 930 1740 demum
960 1685 1056 1742 recte
1086 1673 1291 1761 intellegere
1318 1672 1525 1762 poterimus,

246 1785 325 1830 cum
349 1783 475 1830 versus
503 1764 631 1851 15—36
655 1761 740 1829 satis
764 1759 1061 1830 illustraverimus.
1110 1761 1163 1832 cf.
1189 1763 1241 1831 hs
1265 1785 1340 1852 cap.
1364 1761 1487 1830 finem!

355 1869 476 1956 ltaque
509 1892 528 1937 a
559 1868 720 1937 versibus
753 1889 882 1957 15-32
917 1867 981 1937 rite
1015 1869 1171 1959 coepturi
1201 1869 1371 1939 videmur.
1425 1867 1527 1953 Quos

247 1957 409 2047 equidem
448 1957 636 2048 praecipue
669 1958 720 2024 ad
751 1958 953 2044 neganda
983 1980 1176 2028 »munera
1208 1957 1408 2027 Veneris«
1439 1980 1526 2047 per·

247 2048 394 2115 tinere
418 2069 555 2116 censeo.
604 2045 767 2132 Querens
792 2045 883 2114 enim
909 2045 1069 2115 Catullus
1093 2047 1174 2116 dicit
1197 2069 1236 2114 se
1260 2045 1384 2115 aetatis
1407 2068 1492 2114 vere
1501 2047 1526 2131 ¹)

248 2135 325 2225 ipso
359 2136 443 2204 satis
475 2135 581 2204 multa
611 2135 814 2204 »lusisse«.
864 2135 919 2204 De
951 2157 1019 2224 qua
1044 2159 1131 2204 voce
1156 2135 1248 2204 docti
1271 2138 1375 2225 plane
1398 2135 1528 2204 dissen-

248 2239 384 2305 serunt,
420 2246 498 2292 cum
530 2225 563 2293 hi
594 2223 795 2311 (Ellisius
824 2223 857 2292 in
889 2247 1012 2295 comm.
1039 2247 1070 2314 p.
1095 2246 1162 2314 323
1191 2225 1235 2293 ad
1266 2248 1298 2292 v.
1325 2246 1365 2313 17
1389 2222 1528 2312 aliique)

249 2337 327 2382 eam
358 2314 411 2381 ad
436 2314 563 2382 lusus
586 2312 828 2381 amatorios
851 2314 1068 2382 referendam
1092 2335 1173 2382 esse
1197 2313 1456 2396 arbitrarentur,
1480 2311 1528 2381 illi

249 2403 342 2485 (inde
382 2426 401 2470 a
442 2401 604 2492 Vulpio
650 2425 683 2491 p.
716 2403 841 2491 389s90
871 2402 1045 2493 plerique,
1092 2403 1279 2472 novissime
1319 2402 1529 2471 Weberus

252 2515 284 2582 p.
307 2513 389 2647 1109·
407 2504 441 2560 et
468 2490 512 2560 H.
537 2490 720 2560 Monsius
744 2513 777 2580 p.
809 2493 862 2577 14)
886 2492 930 2560 ad
959 2491 1153 2560 carmina
1182 2491 1356 2560 ludicra
1379 2489 1529 2560 erotici

248 2605 297 2650 co
325 2604 426 2650 oris.

357 2685 430 2755 Sed
455 2686 483 2754 si
510 2685 638 2754 Catulli
662 2708 859 2754 sermonem
883 2686 1106 2776 respicimus,
1138 2703 1252 2776 neque
1280 2710 1384 2755 unam
1415 2709 1529 2775 neque

249 2777 395 2844 alteram
420 2774 593 2844 notionem
619 2775 732 2843 nudae
748 2775 826 2843 voci
841 2775 1011 2843 »ludendi«
1027 2775 1246 2844 tribuendam
1263 2797 1343 2844 esse
1359 2775 1528 2843 videmus.

251 2865 359 2932 Poeta
384 2863 473 2932 enim
498 2866 563 2933 hoc
585 2865 694 2932 verbo
719 2863 932 2933 sollemniter
956 2866 1094 2952 planam
1119 2865 1295 2952 latamque
1323 2863 1529 2933 sententiam

249 2953 449 3022 ludibria
471 2953 665 3021 faciendi
689 2953 841 3022 denotat.
882 2952 997 3039 Quale
1022 2966 1137 3023 autem
1161 2952 1322 3021 ludorum
1346 2975 1459 3040 genus
1484 2952 1531 3020 in·-

250 3042 487 3130 tellegendum
522 3042 582 3124 sit,
617 3041 764 3129 singulis
800 3041 885 3110 locis
917 3055 976 3110 aut
1010 3065 1097 3110 voce
1129 3042 1369 3132 explanatoria
1392 3053 1450 3110 aut
1474 3041 1530 3109 ad·

251 3132 468 3199 haerentium
504 3131 652 3221 partium
689 3131 905 3218 argumentis
940 3129 1109 3200 definitur.
1166 3131 1272 3200 Velut
1310 3131 1343 3200 in
1378 3129 1531 3200 carmine

251 3221 318 3304 Lla
349 3221 510 3289 »multum
544 3219 703 3289 lusimus«
735 3220 896 3288 continuo
928 3219 1155 3308 sequentibus
1185 3221 1233 3289 »in
1265 3221 1352 3290 meis
1381 3219 1532 3291 tabellis«

253 3309 443 3377 illustratur
467 3332 579 3398 aeque
603 3321 707 3397 atque
732 3309 764 3376 in
789 3309 945 3377 eiusdem
970 3309 1141 3398 poematis
1166 3331 1270 3378 versu
1288 3310 1407 3398 quinto
1423 3310 1530 3377 »lude-

251 3399 324 3467 bat«
348 3397 524 3466 enuntiato
548 3397 770 3488 praecedenti
793 3397 963 3466 »scribens
987 3397 1180 3466 versiculos
1197 3411 1344 3498 uterque
1360 3411 1532 3466 nostrum«

251 3487 466 3555 declaratum
492 3499 546 3555 est
569 3487 624 3575 (cf.
649 3485 753 3555 Birt.
778 3509 811 3576 p.
827 3488 872 3572 6).
921 3485 1042 3571 Quare
1065 3485 1186 3555 iniuria
1210 3488 1244 3555 id
1268 3488 1333 3555 sibi
1356 3487 1532 3556 vindicant

251 3577 468 3665 exemplum,
503 3576 560 3664 qui
595 3576 627 3644 in
660 3576 726 3643 hoc
755 3575 915 3645 carminis
940 3574 1087 3642 LXVIll
1118 3599 1223 3646 versu
1255 3576 1406 3644 »ludere«
1428 3576 1530 3659 idem,

363 3789 381 3854 ¹)
401 3791 562 3846 Riesius
587 3791 617 3846 in
643 3809 749 3846 comm.
775 3809 804 3862 p.
823 3808 873 3846 221
895 3790 940 3856 (cf.
960 3791 1033 3861 prol.
1054 3789 1107 3846 Vll
1127 3800 1157 3846 et
1176 3791 1257 3858 XIX)
1277 3791 1447 3862 opinionem
1466 3807 1532 3861 pro-

251 3861 317 3916 tulit
336 3879 384 3916 vv.
407 3879 511 3933 15—17
531 3863 569 3917 ad
588 3880 692 3918 unum
712 3862 930 3918 adolescentiae
949 3871 1143 3933 momentum,
1168 3873 1286 3919 sextum
1305 3864 1354 3919 vel
1372 3862 1532 3933 septimum

251 3931 399 3987 decimum
426 3933 507 3989 vitae
534 3951 658 4004 annum,
687 3951 745 4005 quo
772 3932 856 4004 pueri
884 3942 985 4004 togam
1012 3942 1198 4003 praetextam
1219 3937 1369 4006 deponere
1388 3934 1531 4002 solebant,

251 4019 267 4058 s
291 4013 390 4086 ectare
416 4014 506 4076 atque
535 4005 603 4060 inde
629 4004 713 4077 sequi
741 4004 863 4060 fratrem
892 4005 970 4060 haud
999 4005 1091 4059 multo
1119 4015 1188 4130 post
1207 4005 1366 4131 septimum
1385 4004 1531 4060 decimum

279 4075 359 4130 atullr
382 4093 491 4132 annum
511 4086 661 4132 mortuum
674 4094 750 4132 esse.
789 4077 831 4132 lta
855 4094 892 4132 ue
911 4075 1000 4131 etiam
1020 4093 1041 4130 c.
1062 4075 1117 4130 LX
1149 4077 1187 4132 lll
1201 4094 1220 4132 a
1264 4077 1354 4132 atullo
1371 4077 1532 4130 admodum

252 4144 361 4202 iuvene
390 4147 586 4218 compositum
616 4165 692 4204 esse.
734 4148 795 4204 Sed
858 4147 1098 4204 arneckerus
1129 4147 1170 4214 (in
1197 4147 1309 4203 »Fleck.
1337 4146 1433 4217 J.·B.«
1465 4148 1533 4215 1884

253 4233 281 4286 p.
295 4234 349 4287 770
366 4217 442 4290 sqq.)
463 4219 681 4274 demonstravit
700 4237 803 4275 vocem
825 4219 997 4290 »primum«,
1017 4234 1105 4288 quam
1126 4218 1284 4274 Riesius
1304 4219 1486 4289 neglexerat,
1504 4227 1534 4273 et

252 4298 430 4358 sequentem
449 4307 572 4346 versum
592 4289 804 4360 explicativum
824 4289 862 4358 (v.
883 4289 942 4359 16):
973 4288 1147 4344 »iocundum
1168 4307 1234 4345 cum
1254 4298 1337 4345 aetas
1356 4289 1461 4346 florida
1481 4307 1534 4345 ver

254 4369 373 4426 ageret«
394 4361 526 4417 indicare
545 4379 604 4417 non
624 4363 661 4417 de
677 4379 736 4417 uno
749 4378 837 4428 anno,
856 4363 910 4424 sed
923 4361 961 4415 de
974 4361 1062 4429 longo
1076 4360 1182 4430 spatio,
1201 4362 1239 4416 de
1252 4370 1314 4417 tota
1328 4361 1534 4430 adolescentia,

254 4429 303 4486 illa
331 4433 426 4487 verba
454 4449 559 4504 agere,
586 4450 677 4504 quam
697 4432 830 4489 Catullus
856 4442 888 4488 ut
912 4432 972 4488 iam
995 4440 1144 4487 remotam
1172 4431 1322 4503 respicere
1351 4432 1469 4488 videtur
1489 4433 1533 4499 (cf.

252 4501 285 4557 Β
300 4501 482 4560 Schmidt.
497 4503 526 4559 in
540 4505 614 4574 prol.
627 4503 744 4572 XXIV).
772 4503 847 4559 Nam
864 4512 1025 4574 »tempore
1038 4519 1098 4572 quo
1111 4502 1300 4573 primurm:
1310 4503 1375 4559 »ubi
1389 4503 1533 4574 primum<

251 4581 308 4638 est,
328 4582 359 4628 ut
378 4573 523 4631 efficiatur
541 4575 703 4631 sententia:
727 4575 759 4645 »J
770 4592 827 4630 am
846 4575 943 4646 prima
962 4574 1164 4629 adulescentia
1183 4577 1223 4640 (et
1237 4575 1305 4630 inde
1318 4576 1356 4630 ab
1369 4592 1405 4630 ea
1418 4591 1507 4645 porro
1516 4574 1535 4641 1)

252 4643 326 4699 lusi«
348 4645 443 4712 (citet
462 4646 637 4716 Magnum
657 4647 685 4701 in
707 4646 846 4718 »J.·Ber.«
869 4645 972 4716 1887!ss
992 4661 1020 4715 p.
1042 4646 1101 4715 156,
1120 4645 1276 4701 Weber.
1296 4663 1324 4716 p.
1346 4646 1424 4702 1083.

1396 4736 1429 4804 3*
