3656 5332
766 572 980 639 „5-

230 750 292 817 das
339 748 390 814 als
437 746 489 814 ein
538 746 821 831 Liebesunglttck
864 746 1013 813 deutlich
1054 745 1255 813 bezeichnet
1295 743 1412 823 wird«,
1461 741 1507 808 M.

230 836 502 905 Schmidtius
520 835 552 901 in
567 835 618 902 Fl.
636 834 721 920 J.-B.
742 834 827 900 1880
843 857 876 922 p.
895 835 976 922 782;
1002 833 1248 902 Schanzius
1265 833 1298 900 in
1314 832 1370 899 »R.
1390 831 1428 898 L.
1448 830 1505 899 G.<‹

230 927 243 994 I
260 950 292 1015 p.
309 931 403 1014 150);
428 924 585 1013 plerique
602 925 712 991 malas
730 921 826 990 Malli
843 923 1063 991 condiciones
1080 923 1216 1013 penitus
1233 921 1376 989 definire
1393 921 1506 987 stude·

229 1017 321 1083 bant.
355 1013 424 1098 Qui
442 1025 556 1080 autem
574 1014 640 1080 hoc
657 1025 895 1100 susceperant,
919 1013 951 1080 in
970 1012 1128 1080 diversas
1148 1025 1265 1101 partes
1290 1010 1388 1078 tracti
1412 1021 1501 1076 sunt:

340 1130 369 1201 1)
393 1120 500 1207 Apud
526 1117 734 1186 Parthenii
759 1119 941 1207 (ed.1486)
966 1118 1104 1206 quidem
1125 1131 1318 1186 sectatores
1334 1138 1446 1204 usque
1463 1116 1507 1182 ad

231 1209 333 1277 Tho
347 1208 532 1276 masium
557 1207 603 1287 lin
629 1230 752 1274 comm.
778 1208 822 1274 ad
846 1231 878 1274 v.
895 1209 929 1296 5)
955 1209 1041 1275 haec
1065 1207 1236 1296 reperitur
1253 1208 1297 1273 de
1314 1227 1396 1273 casu
1415 1203 1509 1271 Malli

230 1310 418 1366 sententia:
452 1295 580 1364 Catulli
605 1296 751 1363 amicum
775 1299 929 1363 uxoris
952 1309 1134 1363 mortem
1160 1296 1301 1363 luxisse.
1349 1294 1394 1360 Hi
1418 1292 1508 1360 enim

231 1409 354 1454 vocem
388 1385 560 1453 »caelibis«
591 1384 804 1474 interpretati
840 1398 920 1452 sunt
954 1385 987 1452 in
1022 1407 1164 1454 sensum
1199 1407 1324 1451 »uxore
1359 1381 1507 1471 privati«.

232 1475 299 1543 Cui
329 1498 350 1542 o
377 1473 480 1541 inioni
512 1474 667 1555 favebat,
702 1475 796 1562 quod
828 1474 925 1542 multi
956 1475 1090 1541 illorum
1116 1475 1454 1557 commentatoruml)
1480 1494 1508 1539 c.

231 1498 378 1632 LXVIlI
418 1565 461 1631 ad
505 1564 654 1631 eundem
695 1563 901 1630 Manlium
938 1563 1208 1651 Torquatum
1250 1562 1393 1629 missum
1429 1582 1509 1628 esse

231 1655 502 1733 arbitrabantur,
546 1675 649 1740 quem
691 1675 859 1741 sponsum
896 1652 1058 1721 Catullus
1096 1652 1129 1719 in
1170 1650 1391 1740 epithalamio
1427 1647 1508 1715 LXI

231 1743 472 1811 celebraverat
507 1742 562 1826 (cf.
598 1742 683 1829 inpr.
718 1741 997 1810 Schwabium
1031 1741 1089 1826 »Q
1126 1740 1182 1808 C.<‹
1212 1764 1244 1829 p.
1278 1761 1343 1827 342
1368 1761 1442 1826 sqq.
1475 1752 1510 1804 et

231 1832 495 1899 Palmerum
534 1831 566 1898 in
590 1831 801 1898 »Hermatb«
842 1830 887 1897 VI
925 1855 955 1919 p.
982 1834 1134 1918 346lsq.;
1182 1829 1284 1896 etiam
1328 1829 1378 1895 hs.
1427 1827 1508 1895 diss

232 1944 263 2010 p.
285 1922 349 2006 10).
386 1919 551 1987 Manlium
575 1941 663 2004 ergo
687 1919 809 1985 Viniae
833 1919 1092 1986 Aurunculeiae
1117 1919 1317 1985 breviante
1341 1917 1373 1983 in
1398 1915 1510 1984 matri·

233 2009 382 2076 monium
423 2009 547 2074 ductae
586 2007 717 2073 obitum
757 2019 918 2093 questum
959 2009 1055 2074 esse!
1111 2007 1210 2073 Hanc
1243 2018 1359 2072 autem
1394 2027 1508 2072 rerum

233 2096 505 2162 coniunctionem
538 2093 632 2161 nullo
663 2108 870 2180 argumento
894 2095 1070 2162 fundatam
1095 2118 1136 2162 ea
1160 2095 1236 2181 ipsa
1260 2094 1407 2178 ratione,
1441 2115 1510 2179 qua

233 2205 358 2250 nomen
383 2184 481 2249 amici
507 2183 539 2249 in
565 2182 741 2251 codicibus
758 2183 920 2250 traditum
939 2197 1002 2266 est,
1027 2184 1222 2252 dissuaderi
1239 2206 1345 2270 supra
1362 2181 1509 2249 disserui

233 2272 287 2358 (cf.
313 2293 371 2360 pg.
396 2272 458 2360 9l).
507 2270 595 2356 Quis
627 2272 729 2339 etiam
762 2273 888 2360 poterit
918 2275 1068 2361 probare
1098 2273 1190 2340 illum
1220 2272 1400 2339 »Manlium
1425 2270 1509 2337 Tor-

233 2373 390 2448 quatum«
415 2383 462 2428 cs.
487 2360 568 2427 LXI
593 2373 663 2427 tam
693 2361 895 2428 familiarem
923 2361 1063 2429 Catullo
1095 2361 1201 2430 fuisse
1233 2384 1336 2449 quam
1361 2359 1509 2428 amicum

233 2449 393 2517 carminis
423 2448 595 2516 LXVIII?
648 2450 737 2520 Nam
773 2450 857 2518 illud
890 2464 1015 2539 poema
1051 2473 1139 2540 opus
1173 2451 1372 2518 mandatum
1404 2449 1510 2516 fuisse

232 2562 299 2606 non
325 2537 524 2606 incredibile
549 2550 611 2605 est.
660 2539 795 2626 Neque,
821 2539 849 2606 si
875 2563 938 2628 pro
963 2553 1058 2608 certo
1082 2539 1301 2607 iudicandum
1326 2551 1420 2607 esset
1444 2540 1510 2605 hoc

232 2650 372 2716 quoque
403 2650 430 2695 c.
456 2627 604 2694 LXVIII
635 2629 678 2694 ad
713 2628 876 2695 Manlium
903 2629 1120 2716 Torquatum
1158 2627 1300 2696 missum
1337 2651 1431 2709 esse,
1469 2635 1510 2693 eo

231 2717 308 2805 ipso
332 2717 629 2784 demonstraretur
653 2717 686 2784 id
711 2718 804 2805 quod
821 2717 962 2785 dolebat
979 2718 1119 2802 amicus,
1145 2718 1302 2784 uxoris
1325 2719 1509 2785 decessum

231 2805 348 2885 fuisse,
374 2806 452 2890 quia
477 2805 622 2890 cogitari
647 2808 755 2893 possit
781 2805 956 2873 Catullum
975 2829 1001 2872 c.
1020 2804 1165 2873 LXVIII
1184 2805 1376 2894 scripsisse,
1401 2806 1510 2895 prius·

234 2915 336 2979 quam
362 2891 511 2959 Manlius
535 2891 732 2981 coniugium
757 2892 870 2961 subiit.

339 2996 446 3064 Erant
481 3011 611 3079 autem,
649 2999 706 3087 qui
737 2999 794 3066 illa
826 3000 916 3068 dicta
948 3023 1111 3068 versuum
1142 3021 1164 3089 5
1193 3015 1227 3069 et
1256 3002 1278 3067 6
1308 3024 1375 3068 non
1407 3003 1511 3068 modo

232 3087 351 3154 uxoris
385 3099 546 3170 mortem,
585 3089 648 3155 sed
680 3089 782 3156 etiam
818 3090 995 3157 amicam
1027 3091 1188 3158 amissam
1221 3090 1372 3159 indicare
1404 3113 1510 3179 posse

232 3175 465 3265 opinarentur.
499 3177 602 3244 Velut
626 3177 812 3246 Ellisius
836 3178 868 3246 in
893 3202 1015 3246 comm.
1041 3203 1073 3268 p.
1098 3201 1180 3267 320:
1205 3179 1357 3247 »Mallius
1375 3231 1406 3246 ..
1431 3181 1509 3260 had,

233 3265 349 3333 whilst
380 3265 551 3353 suffering
581 3266 667 3333 from
694 3268 752 3334 the
777 3268 870 3354 grief
889 3268 1019 3335 caused
1045 3271 1092 3356 by
1116 3270 1174 3336 the
1199 3269 1271 3336 loss
1296 3269 1334 3336 of
1354 3269 1407 3336 his
1430 3292 1510 3337 own

233 3355 313 3420 wife
337 3376 377 3419 or
401 3354 568 3436 mistress,
594 3355 730 3422 written
748 3369 783 3422 to
802 3355 961 3423 Catullus
986 3413 991 3423 .
1020 3412 1025 3423 .
1053 3387 1084 3422 .«.
1114 3398 1147 3406 -
1177 3357 1220 3423 Et
1245 3356 1412 3425 Birtius
1429 3359 1462 3436 (l.
1481 3381 1508 3425 c.

232 3464 265 3529 p.
289 3465 311 3527 4
335 3453 400 3528 sq.)
425 3442 574 3509 animum
596 3443 730 3512 induxit
746 3443 900 3511 Mallium
917 3444 1033 3532 puella
1057 3467 1120 3512 sua
1145 3459 1203 3512 aut
1226 3458 1338 3512 morte
1362 3460 1420 3512 aut
1444 3447 1511 3513 alia

233 3530 454 3618 separatione.
477 3533 749 3621 sempiterna
774 3536 931 3601 orbatum
958 3554 1047 3600 esse.

340 3639 374 3720 2)
399 3636 471 3705 Sed
505 3639 572 3720 eis,
606 3641 663 3727 qui
688 3640 953 3729 diremptionem
977 3653 1046 3708 tam
1071 3663 1217 3728 gravem
1242 3665 1305 3730 pro
1332 3655 1509 3724 osuerunt,

233 3725 475 3824 alteratfactio
508 3730 708 3816 opponebat
739 3752 863 3797 causas
894 3730 988 3797 haud
1019 3753 1036 3797 s
1063 3732 1245 3798 emendas.
1291 3665 1362 3816 (gui
1385 3731 1509 3819 partim

233 3827 434 3903 (praecrpue
458 3815 657 3884 Kiesslin
667 3817 766 3903 gius
790 3841 823 3906 p.
844 3823 944 3906 13l14
961 3832 995 3886 et
1059 3841 1203 3906 agnus
1228 3819 1260 3887 in
1277 3819 1319 3886 »F
1323 3821 1511 3906 leckJ.-B.«

235 3905 318 3992 1877
343 3927 376 3992 p.
400 3906 489 3991 416),
523 3928 600 3973 cum
633 3929 772 3974 carmen
797 3906 943 3974 LXVIII
975 3907 1292 3976 individuumesse
1317 3924 1510 3992 censerent,

231 3994 323 4060 illam
337 3993 534 4083 opinionem
549 4018 627 4064 cum
641 4019 672 4062 v.
690 4018 752 4084 155
768 3995 866 4065 »Sitis
880 3996 1000 4064 felices
1017 4011 1051 4065 et
1067 4010 1103 4065 tu
1120 3997 1222 4066 simul
1239 4011 1278 4066 et
1302 4010 1369 4065 tua
1386 4000 1510 4086 vitae)

232 4083 370 4150 minime
386 4085 573 4152 convenire
589 4086 926 4168 demonstraverunt,
952 4086 1033 4173 quia
1050 4085 1210 4154 Catullus
1227 4087 1374 4155 amicum
1392 4089 1511 4156 uxoris

232 4171 288 4238 vel
320 4186 456 4241 amatae
484 4175 669 4243 decessum
692 4174 831 4243 flentem
858 4187 928 4242 tam
952 4175 1153 4265 simpliciter
1175 4175 1348 4243 ominibus
1372 4178 1511 4267 optimis

233 4279 300 4324 non
324 4274 445 4346 posset
468 4264 644 4352 prosequi,
669 4305 711 4312 —
744 4265 869 4354 partim
893 4288 958 4333 suo
981 4263 1056 4332 iure
1080 4265 1320 4333 disseruerunt
1343 4265 1418 4333 fieri
1442 4290 1510 4335 non

237 4385 443 4395 ...ἡ-.-

343 4434 362 4503 ¹)
381 4437 449 4492 inde
468 4457 486 4494 a
505 4441 726 4498 Parthenio.

342 4523 362 4590 ⁹)
382 4526 399 4581 i.
420 4544 444 4581 e.
467 4537 512 4582 »tu
536 4539 565 4584 et
593 4541 693 4588 amata
718 4542 784 4588 tua«
813 4531 871 4600 (vel
896 4550 972 4587 uxor
991 4533 1039 4588 vel
1059 4534 1175 4604 puellal·
1213 4534 1351 4589 Ceterum
1371 4535 1436 4606 ipse
1456 4537 1511 4591 hoc

231 4597 433 4667 Kiesslingi
459 4611 667 4669 argumentum
695 4621 754 4659 non
774 4620 898 4674 possum
918 4607 1127 4674 comprobare,
1156 4606 1226 4677 quia
1252 4623 1288 4660 eo
1308 4607 1449 4662 unitatem
1470 4625 1510 4662 cs.

231 4668 353 4725 LXVIII
372 4669 492 4724 dubiam
512 4688 580 4726 esse
598 4673 772 4743 neglegitur.
