3656 5332
853 505 1073 570 -24„

319 682 384 750 sed
417 681 511 770 quod
542 700 724 748 somnus
755 702 794 747 se
828 677 993 760 deficeret
1003 679 1037 764 ¹),
1072 700 1174 768 quem
1207 676 1335 746 amoris
1365 675 1502 777 gaudiis
1533 699 1600 744 non

319 781 441 859 posset
470 769 656 837 adducere.
704 766 817 856 Ipsius
850 766 941 835 enim
972 766 1074 835 animi
1106 767 1221 834 taedio
1252 765 1522 855 impediebatur,
1557 788 1602 834 ne

321 859 461 926 mollem
485 880 645 926 somnum
669 855 818 925 Veneris
842 857 1079 944 voluptatibus
1103 856 1168 924 sibi
1192 867 1341 944 pararet.
1377 855 1498 943 Atque
1522 863 1599 922 cuin

320 948 386 1015 hoc
418 945 521 1014 animi
555 944 729 1013 fastidium
761 946 946 1012 molestum
1004 967 1042 1013 er
1075 967 1115 1013 se
1139 945 1214 1034 ipse
1238 966 1406 1033 superare
1430 942 1597 1031 nequiret,

321 1035 402 1125 quia
424 1035 546 1103 dolore
569 1033 726 1123 graviter
749 1045 943 1102 commotus
993 1033 1114 1102 ebilior
1146 1044 1236 1114 erat,
1269 1055 1372 1122 quam
1403 1031 1462 1123 qui
1494 1053 1533 1100 se
1566 1032 1600 1100 in

320 1125 526 1194 vincendam
551 1123 788 1192 morositatem
813 1121 1002 1209 colligeret,
1028 1121 1156 1208 amico,
1188 1144 1279 1210 quae
1300 1134 1490 1216 pateretur,
1521 1144 1601 1210 que-

320 1224 397 1282 stus
421 1224 486 1281 est.

427 1319 467 1387 ll.
492 1317 757 1408 Aggrediamur
792 1317 918 1386 deinde
942 1318 985 1386 ad
1010 1315 1215 1406 posterioris
1239 1315 1376 1384 distichi
1400 1315 1600 1404 disputatio-

321 1408 417 1476 nem!
465 1407 620 1475 Mallium
652 1429 811 1474 somnum
848 1429 974 1496 capere
1006 1431 1075 1475 non
1108 1405 1263 1496 potuisse
1295 1403 1510 1487 audivimuS,
1543 1404 1601 1493 qui

321 1509 433 1566 status
450 1496 553 1564 etiam
578 1495 807 1564 miserabilior
829 1495 940 1564 factus
965 1507 1019 1563 est
1043 1519 1095 1578 eo,
1121 1495 1215 1584 quod
1238 1493 1445 1562 insomnium
1469 1493 1601 1562 amicus

321 1585 451 1674 scripta
467 1585 674 1654 delectantia
691 1585 843 1673 legendo
857 1585 1009 1653 allevare
1026 1608 1094 1652 non
1096 1596 1247 1740 1poterat
1265 1582 1487 1666 (»minuentur
1504 1595 1600 1650 atrae

322 1673 474 1742 carmine
490 1696 610 1741 curae«
626 1673 712 1741 Hor.
731 1671 847 1741 Carm.
873 1672 1062 1762 lVl11135).
1131 1696 1186 1741 am
1203 1672 1400 1760 depingitur
1417 1671 1456 1753 is,
1477 1694 1599 1760 quem:

472 1802 551 1848 »nec
575 1793 732 1848 veterum
757 1779 848 1848 dulci
872 1779 1078 1870 scriptorum
1103 1779 1254 1860 carmine
1278 1783 1432 1866 musae2)

473 1869 658 1950 oblectant,
683 1892 760 1936 cum
787 1891 886 1937 mens
910 1869 1011 1937 anxia
1034 1868 1245 1958 pervigilat«.

429 1992 466 2060 ln
494 1992 547 2060 his
579 2015 719 2082 quoque
742 1993 902 2062 versibus
926 1994 1090 2062 nonnulla
1114 1992 1218 2061 dubia
1235 2004 1323 2061 sunt.
1349 1991 1502 2060 Primum
1520 1991 1601 2092 quid

323 2082 388 2150 sibi
418 2083 539 2149 volunt
571 2082 618 2149 illi
642 2096 796 2150 »veteres
820 2082 1049 2171 scriptorem?
1095 2081 1140 2149 Hi
1165 2082 1304 2170 quidem
1329 2080 1382 2164 (cf.
1408 2081 1601 2149 Ben01st.‘-

323 2171 513 2239 Thomas,
546 2194 669 2238 comm.
703 2172 757 2238 ad.
787 2194 818 2240 V.
845 2174 890 2259 7.)
923 2171 970 2239 ita
1002 2171 1137 2261 priscos
1168 2171 1441 2239 Romanorum
1478 2183 1601 2259 poetas

323 2260 418 2328 velut
449 2259 639 2343 Naevium,
676 2259 840 2342 Ennium,
872 2259 1041 2328 Lucilium
1074 2258 1243 2350 appellari
1278 2258 1439 2327 dicebant
1466 2300 1522 2342 -‚
1554 2259 1602 2327 illi

324 2348 530 2437 (Vulpius
554 2372 586 2438 p.
612 2349 696 2437 338;
729 2347 969 2418 Schulzius
993 2350 1026 2417 in
1050 2349 1132 2417 diss.
1158 2373 1190 2438 p.
1219 2370 1260 2436 19
1283 2371 1377 2436 sqq.;
1413 2347 1602 2416 Ellisius

323 2440 356 2504 in
374 2460 497 2505 comm.
515 2438 559 2504 ad
576 2461 607 2504 V.
627 2460 695 2526 7p.
713 2459 794 2525 322;
820 2437 1003 2526 Magnus
1027 2438 1059 2506 in
1084 2436 1334 2522 »F1eck.J.-B.«
1356 2439 1440 2526 1877
1465 2460 1497 2526 p.
1522 2438 1602 2525 416)

324 2526 392 2594 anti
420 2548 484 2594 uos
509 2525 781 2594 Graecorum
812 2527 1001 2616 scriptores
1032 2528 1089 2594 vel
1120 2539 1242 2628 poetas
1268 2525 1602 2594 Alexandrinos

324 2615 379 2702 (cl.
396 2549 602 2683 (biesium
628 2618 767 2703 pazo).
797 2615 967 2702 Equidem
991 2653 1022 2662 -
1044 2615 1073 2684 si
1097 2616 1292 2705 disceptare
1317 2625 1463 2684 necesse
1487 2627 1541 2681 est
1559 2655 1599 2664 -

324 2703 439 2771 malim
472 2717 612 2772 veteres
647 2705 836 2793 scriptores
862 2703 1061 2774 Graecos
1097 2704 1353 2792 intellegendos
1378 2726 1475 2785 esse,
1507 2703 1599 2792 quod

324 2791 380 2875 illi,
406 2793 464 2882 qui
489 2790 617 2860 Catulli
640 2793 725 2861 socii
749 2808 1012 2885 sectatoresque
1041 2806 1153 2876 erant,
1189 2794 1333 2862 iuvenes
1364 2793 1439 2862 sola
1463 2791 1602 2861 Graeca

324 2883 476 2950 carmina
493 2881 598 2969 digna
615 2905 705 2966 esse,
723 2905 814 2970 quae
827 2884 1037 2971 legerentur,
1055 2884 1254 2966 censebant,
1273 2882 1387 2972 prisca
1399 2881 1600 2950 Latinorum

324 2970 453 3060 scripta
476 2983 513 3038 ut
537 2970 666 3039 rustica
690 2972 907 3062 infacetaque
931 2973 1202 3041 contemnentes
1250 2970 1322 3040 Sed
1345 2984 1414 3040 tam
1431 2971 1603 3039 subtiliter

324 3057 413 3127 inter
436 3072 575 3127 veteres
601 3058 759 3129 Graecos
788 3075 822 3130 et
845 3061 988 3130 Latinos
1012 3061 1201 3151 scriptores
1224 3060 1440 3150 distinguere
1464 3060 1602 3128 minime

325 3147 464 3215 eMalli
499 3149 556 3216 vel
581 3147 710 3216 Catulli
742 3149 885 3218 consilio
915 3150 1022 3219 fuisse
1054 3163 1149 3240 puto.
1195 3148 1365 3218 Videntur
1404 3149 1494 3219 enim
1520 3149 1602 3217 mihi

324 3249 479 3305 »veteres
509 3236 711 3326 scriptores«
734 3238 768 3306 in
792 3238 993 3307 universum
1018 3239 1048 3308 ei
1073 3239 1155 3322 dici,
1181 3261 1327 3327 quorum
1352 3262 1373 3306 o
1400 3261 1460 3306 era
1483 3238 1602 3306 Mallio

324 3325 391 3393 iam
422 3325 556 3415 pridem
586 3331 700 3413 nota3)
733 3350 911 3417 saepeque
946 3341 1086 3397 versata
1122 3341 1236 3411 erant,
1275 3328 1350 3396 sive
1412 3327 1494 3396 atini
1528 3328 1603 3395 sive

326 3413 464 3483 Graeci.
518 3415 596 3483 Hoc
639 3429 753 3484 autem
792 3430 922 3486 statuto
963 3418 1039 3508 ipso
1077 3417 1250 3506 sequitur,
1290 3414 1373 3506 quid
1411 3417 1456 3484 de
1495 3417 1603 3485 altera

324 3504 543 3594 quaestione,
575 3528 636 3573 cur
660 3504 799 3574 Mallius
822 3507 1014 3575 »veteribus
1028 3506 1280 3596 scriptoribus«
1305 3529 1372 3573 non
1397 3505 1601 3586 oblectetur,

324 3593 482 3662 iudicem.
508 3592 708 3664 Weisius
732 3595 822 3662 enim
848 3599 911 3684 (pr.
934 3597 1020 3682 1869
1069 3601 1133 3683 .9)
1158 3606 1193 3663 et
1216 3593 1482 3664 Schulzius
1506 3595 1602 3674 (diss.

325 3705 356 3770 p.
378 3683 419 3750 18
434 3688 523 3770 sqq.)
549 3695 582 3750 et
607 3682 674 3751 Ma
718 3706 796 3751 nus
821 3683 866 3764 (in
882 3683 1015 3753 >›Fleck.
1032 3619 1122 3770 ii-B«
1141 3684 1224 3772 1877
1248 3707 1281 3774 p.
1298 3685 1378 3773 416)
1395 3696 1430 3751 et
1446 3683 1602 3752 Birtius

324 3790 369 3858 (p.
395 3771 429 3856 6)
460 3771 645 3839 voluerunt
677 3705 805 3841 datulli
836 3773 982 3842 amicum
1015 3772 1166 3844 animum
1197 3795 1260 3862 per
1290 3771 1427 3861 vigilias
1450 3772 1602 3858 legendo

324 3859 403 3927 ideo
420 3859 604 3929 'oblectare
627 3884 694 3929 non
719 3862 885 3951 potuisse,
910 3863 990 3952 quia
1013 3861 1108 3931 illum
1132 3873 1286 3930 »veteres
1307 3861 1511 3951 scriptores«
1534 3884 1602 3930 orn-

435 4073 454 4144 1)
474 4075 508 4132 cf.
533 4077 802 4133 Harneckerum
822 4075 862 4148 (p.
881 4076 917 4147 4).
955 4077 1043 4132 Falso
1062 4077 1221 4146 Magnus
1240 4077 1270 4132 in
1291 4077 1405 4133 »Fleck.
1425 4077 1512 4148 J.-ss.‹
1535 4077 1602 4147 1877

323 4147 631 4274 peplpsspondiciones
650 4148 784 4219 exponit:
807 4149 884 4204 »Der
896 4149 1014 4204 Freund
1033 4148 1124 4218 klagt‚
1144 4149 1214 4204 dass
1233 4148 1362 4204 Venus
1381 4148 1443 4205 sich
1463 4166 1523 4203 von
1542 4148 1602 4204 ihm

432 4304 452 4376 ²)
473 4306 687 4379 Coniungenda
710 4317 779 4363 sunt
803 4307 903 4379 potius
926 4309 1020 4363 verba
1040 4317 1191 4365 »veterum
1216 4307 1395 4378 scriptorum
1414 4324 1535 4364 musae«
1557 4305 1601 4376 (cf.

324 4377 424 4449 Eurip.
450 4379 526 4434 Med.
553 4398 620 4450 421:
649 4387 767 4449 »μοῦσαι
786 4378 978 4446 παλαιγενέων
995 4380 1123 4447 dordan«)
1143 4397 1232 4450 quam
1254 4390 1404 4434 »veterum
1424 4378 1602 4450 scriptorum

323 4449 471 4506 carmine«
492 4450 531 4518 (V
536 4451 656 4522 ulpius
675 4468 703 4522 p.
722 4452 793 4522 338).

433 4535 453 4607 ⁸)
474 4538 509 4594 cs.
529 4540 624 4596 Plaut.
643 4540 747 4596 Pseud.
766 4542 835 4611 363:
866 4549 985 4595 »vetera
1012 4539 1057 4608 (=
1076 4539 1247 4596 iamdudum
1271 4541 1352 4606 nota)
1376 4539 1602 4596 vaticinamini«

324 4608 383 4665 Cic.
403 4612 441 4666 ad
460 4611 521 4666 Att.
544 4611 637 4682 Vllll3
658 4611 722 4666 »illa
739 4623 843 4669 vetera
862 4611 1025 4669 omittere«.
