3656 5332
876 519 1097 585 -44„

348 692 450 780 J.-B.«
476 692 560 781 1877
577 715 610 781 p.
626 713 694 781 409
717 706 752 761 et
775 691 808 760 in
825 714 948 761 comm.
965 694 1011 761 ad
1027 717 1059 761 v.
1076 695 1143 782 32),
1168 692 1324 782 inprimis
1347 691 1389 777 ei,
1407 692 1466 780 qui
1483 691 1568 761 inv.
1589 717 1630 760 10

350 804 456 849 unum
479 804 663 850 munerum
686 804 801 869 genus
824 781 981 850 denotari
1002 782 1156 851 arbitrati
1176 793 1285 862 erant,
1309 781 1628 850 »haec-munera«

342 876 394 952 lv,
419 877 475 959 32)
500 870 545 938 ad
568 893 712 940 munera
734 882 784 939 »et
807 869 988 940 Musarum
1011 883 1046 940 et
1076 871 1238 940 Veneris«
1260 871 1444 940 referenda
1467 893 1548 939 esse
1572 894 1628 939 vo-

350 958 497 1027 luerunt.
544 958 619 1029 Sed
634 959 692 1028 ubi
708 959 742 1028 in
758 959 921 1028 versibus
940 981 1079 1049 15-30,
1097 961 1140 1027 ad
1154 982 1243 1050 quos
1254 983 1312 1027 vv.
1326 964 1429 1048 31132
1445 959 1628 1028 manifesto

375 1048 523 1117 ertinent
546 1049 601 1131 (cf.
626 1047 650 1117 »i
679 1048 760 1116 itur«
785 1105 843 1117 .,.
867 1050 1014 1134 »haec«)‚
1039 1049 1228 1138 quidquam
1254 1051 1299 1116 de
1322 1047 1461 1118 »Musis«
1478 1049 1629 1117 dicitur?

350 1072 527 1208 Inducitur
550 1138 616 1205 dea
679 1160 783 1206 enus
807 1137 898 1227 ipsa,
929 1138 1152 1227 proferuntur
1179 1137 1346 1228 proximis
1374 1137 1533 1226 partibus
1556 1140 1626 1225 (νν.

350 1233 495 1315 27-30)
519 1249 626 1295 verae
650 1227 778 1295 amoris
802 1250 882 1306 reS,
907 1268 949 1276 —
974 1229 1037 1296 sed
1060 1250 1232 1316 nusquam
1248 1226 1456 1294 »Musarum«
1480 1249 1628 1296 comme·

353 1315 499 1384 moratio
522 1315 570 1398 fit,
594 1338 638 1383 ne
654 1339 721 1384 una
739 1317 878 1405 quidem
901 1317 1053 1406 syllaba!
1101 1315 1322 1406 Eplurativo
1346 1327 1461 1384 autem
1485 1338 1629 1384 numero

349 1426 522 1472 »munera«
554 1409 600 1487 (v.
624 1408 681 1494 32)
714 1404 872 1473 concludi
904 1428 973 1473 non
1002 1418 1118 1494 potest
1148 1407 1218 1474 duo
1248 1427 1392 1473 munera
1424 1412 1494 1487 (aut
1526 1405 1626 1472 unius

350 1493 503 1563 muneris
544 1507 701 1562 naturam
744 1494 931 1583 duplicem)
972 1494 1115 1562 indicari
1157 1494 1210 1576 (cI.
1249 1493 1295 1562 M.
1336 1493 1627 1562 Schmidtium

349 1605 383 1671 p.
409 1583 501 1671 784),
534 1583 717 1673 quodiam
742 1582 777 1650 in
801 1607 833 1651 v.
859 1606 900 1650 10
923 1596 1155 1672 utrumque
1186 1595 1343 1673 optatum
1367 1605 1431 1671 per
1454 1584 1625 1672 pluralem

350 1672 534 1740 exhibetur
558 1675 728 1752 (›>munera
754 1672 937 1755 Venerisq.
986 1671 1152 1741 Ceterum
1176 1673 1209 1740 in
1233 1696 1290 1741 vv.
1312 1677 1392 1761 3112
1416 1671 1545 1760 legitur
1562 1670 1627 1740 Ca·

340 1761 470 1830 tullum
496 1783 537 1828 ea
561 1783 713 1836 munera,
738 1784 829 1850 quae
852 1761 917 1850 ipsi
941 1761 1068 1830 »luctus
1092 1761 1244 1841 ademit«,
1269 1761 1288 1829 i.
1306 1784 1336 1830 e.
1359 1761 1512 1828 amoris
1534 1783 1627 1848 gau-

350 1848 433 1932 dia,
458 1850 629 1939 praebere
653 1873 721 1918 non
744 1873 861 1939 posse.
908 1849 990 1935 Quo
1007 1850 1099 1918 enim
1114 1851 1276 1920 carminis
1292 1848 1440 1917 LXVIII
1457 1851 1535 1918 loco
1551 1873 1626 1918 sen-

350 1938 472 2018 tentia,
505 1962 618 2028 equa
641 1951 780 2027 poetam
805 1961 890 2028 prae
917 1939 1052 2008 tristitia
1083 1939 1265 2007 carmina
1295 1939 1430 2026 fingere
1462 1939 1626 2027 nequisse

350 2027 544 2110 existimeS,
568 2027 765 2096 invenitur?
811 2027 928 2114 Quam
960 2043 1092 2096 temere
1116 2040 1408 2096 commentatores
1432 2051 1452 2095 e
1475 2028 1627 2096 carmine

342 2115 450 2189 ‚LXV
474 2117 507 2184 in
524 2119 589 2185 hoc
606 2129 732 2207 poema
749 2117 1014 2186 transferebant.
1063 2117 1191 2185 Verum
1209 2116 1348 2185 Mallius
1366 2115 1495 2184 Catulli
1511 2117 1625 2204 elegia

350 2219 480 2275 tantum
519 2206 687 2295 comperit
724 2228 904 2274 amorosas
938 2206 1039 2274 amici
1073 2205 1325 2295 propensiones
1362 2205 1533 2274 maestitia
1569 2229 1626 2295 op·

349 2317 493 2384 pressas
523 2317 614 2364 esse,
667 2294 770 2380 Quae
805 2301 921 2363 autem
956 2295 1204 2364 sententiarum
1236 2294 1453 2363 conturbatio
1487 2294 1627 2363 inducta

350 2384 558 2451 »Musarum«
582 2383 792 2472 cogitatione
812 2384 845 2452 in
866 2407 922 2452 vv.
948 2406 1077 2474 15-32
1101 2384 1286 2465 exstiterit,
1316 2382 1503 2453 Schulzii
1529 2383 1625 2469 (diss.

349 2495 382 2561 p.
411 2478 463 2561 19)
488 2471 731 2561 explanatione
754 2485 917 2562 apparet,
951 2473 1008 2562 qui
1031 2486 1171 2563 poetam
1196 2495 1275 2540 cum
1299 2472 1417 2541 Mallio
1442 2474 1626 2540 communi·

350 2574 484 2630 cantem
508 2561 606 2630 facit:
631 2561 783 2630 studium
809 2562 1047 2630 carminum
1072 2561 1284 2630 ludicrorum
1312 2567 1380 2646 (vv.
1409 2583 1450 2650 19
1473 2573 1508 2628 et
1532 2563 1626 2650 ²5l⁶l

351 2651 466 2719 fratris
490 2651 586 2719 obitu
611 2651 796 2740 expulsum
820 2673 901 2720 esse
909 2675 918 2733 ;
942 2650 1088 2740 itaque
1104 2652 1139 2735 (l)
1163 2673 1203 2719 se
1226 2673 1340 2738 neque
1356 2673 1423 2719 res
1439 2651 1627 2719 amatorias

351 2762 460 2828 agere
491 2745 559 2823 (vv,
584 2748 729 2828 27—30)
761 2763 874 2830 neque
904 2740 1077 2827 bigitur«
1105 2765 1137 2808 v.
1167 2741 1240 2828 311)
1268 2751 1431 2829 poemata
1466 2739 1627 2807 amabilia

351 2851 561 2918 componere
584 2828 677 2900 velle
701 2835 770 2916 (vv.
795 2835 898 2918 3[)2).
923 2871 966 2877 -

457 2916 695 3002 Quamobrem
742 2918 866 2986 iterum
907 2919 1129 2987 statuendum
1171 2929 1225 2985 est
1268 2918 1430 2986 versibus
1474 2939 1513 3006 15
1527 2959 1569 2965 —
1582 2939 1625 3006 32

350 3014 405 3080 (-
421 3019 561 3095 praeter
577 3030 633 3076 vv,
651 3030 784 3097 20—24
807 3007 938 3075 scilicet
953 3009 1010 3092 —)
1035 3006 1116 3075 nihil
1141 3006 1205 3074 nisi
1229 3030 1334 3075 vera
1357 3005 1513 3075 amoris
1529 3028 1626 3092 gau-

350 3094 417 3161 dia
442 3107 587 3163 tractata
616 3118 705 3164 esse.
753 3096 824 3164 Illis
853 3095 942 3164 enim
974 3095 1157 3164 enuntiatis
1187 3094 1348 3165 Catullus
1375 3118 1533 3164 »munera
1557 3094 1625 3163 Ve-

350 3183 458 3252 neris«
482 3198 662 3273 praestare
686 3185 825 3252 omnino
848 3185 1033 3253 recusavit.
1056 3225 1100 3234 -

456 3272 576 3360 Atque
600 3274 746 3343 alterum
762 3273 908 3364 petitum
924 3273 969 3341 ad
984 3295 1176 3342 »munera
1192 3272 1426 3342 Musarum«
1449 3272 1626 3362 pertinens

351 3360 383 3428 in
417 3363 644 3452 sequentibus
676 3363 837 3432 carminis
869 3362 1027 3453 partibus
1059 3374 1242 3431 tractatum
1275 3362 1315 3430 iri
1348 3363 1425 3453 quis
1457 3375 1511 3430 est
1533 3362 1625 3450 'quin

350 3464 542 3540 exspectet,
566 3453 770 3542 praesertim
795 3475 873 3520 cum
897 3474 985 3520 voce
1000 3452 1117 3520 »haec«
1135 3451 1169 3519 in
1185 3451 1279 3519 initio
1297 3474 1421 3520 versus
1437 3473 1480 3539 32
1496 3473 1625 3537 magno

343 3563 428 3611 cum
453 3555 628 3610 momento
677 3542 765 3610 osita
789 3541 934 3608 aliorum
960 3563 1100 3628 quoque
1124 3541 1294 3608 donorum
1318 3540 1527 3609 mentionem
1551 3539 1625 3607 sore

349 3629 594 3717 promittatur?
640 3565 756 3715 guam
786 3633 1080 3719 exspectationem
1111 3629 1272 3730 versibus
1301 3631 1462 3718 33-36
1491 3629 1625 3718 expleri

350 3717 511 3805 equidem
543 3719 713 3788 existimo.
760 3718 850 3786 Nam
884 3717 948 3786 etsi
975 3717 1135 3786 Catullus
1166 3739 1235 3786 non
1264 3741 1340 3808 ipse
1371 3719 1519 3786 amicum
1549 3740 1626 3786 con-

349 3807 469 3875 venire
499 3820 533 3875 et
564 3809 608 3874 ad
639 3831 776 3876 amores
808 3807 951 3876 incitare
981 3807 1109 3897 potuit,
1141 3821 1256 3876 tamen
1287 3807 1439 3876 carmina
1469 3806 1626 3893 flagitata

349 3894 468 3964 Mallio
492 3895 524 3964 in
549 3895 704 3965 solamen
728 3897 865 3965 mittere
888 3897 980 3985 potis
1004 3910 1089 3965 erat.
1136 3897 1195 3965 Ad
1225 3898 1313 3965 hanc
1344 3909 1459 3964 autem
1484 3917 1625 3963 causam

348 3997 454 4074 poeta
477 3985 594 4054 verbis
617 4008 729 4053 »nam
785 3986 889 4053 uod«
912 3985 1183 4073 transgreditur,
1216 4008 1307 4074 quae
1334 4008 1399 4074 per
1422 3984 1556 4140 ellippin
1580 3984 1626 4052 in·

351 4075 551 4163 tellegenda
576 4097 655 4143 esse
680 4075 747 4142 iam
803 4131 809 4142 .
835 4074 1213 4144 Weidenbachius
1237 4086 1282 4164 tp.
1307 4097 1351 4164 33
1374 4079 1448 4161 sq),
1519 4096 1625 4141 unro

349 4168 504 4253 lp..175),
529 4161 768 4232 Schulzius
804 4163 900 4249 (diss.
930 4186 963 4252 p.
984 4186 1028 4230 20
1048 4167 1125 4252 sq),
1159 4163 1475 4231 Harneckerus
1508 4165 1553 4251 (p.
1577 4165 1622 4250 9),

349 4250 792 4321 Hoerschelmannus
825 4256 870 4342 (p.
905 4259 956 4340 14)
993 4252 1079 4320 scite
1117 4264 1384 4342 proposuerunt.
1443 4250 1624 4321 Sententia

350 4341 440 4411 enim
465 4342 611 4411 alterum
637 4363 758 4429 genus.
775 4364 955 4410 munerum
979 4341 1188 4442 respicienS‚
1221 4364 1324 4431 quam
1356 4342 1480 4410 vocula
1510 4341 1626 4408 »haec«

349 4431 492 4499 excitari
516 4453 663 4500 necesse
686 4444 749 4518 est,
775 4431 850 4520 ipsa
874 4453 954 4498 non
979 4429 1120 4517 legitur,
1145 4432 1208 4500 sed
1232 4429 1334 4500 tacite
1358 4429 1537 4520 proposita
1561 4441 1625 4509 est,

350 4542 428 4587 cum
452 4519 568 4588 statim
594 4521 750 4588 eiusdem
776 4541 1005 4587 causarum
1030 4520 1188 4588 tractatio
1205 4519 1353 4609 incipiat.
1400 4519 1437 4587 In
1455 4520 1521 4587 hoc
1538 4539 1625 4604 ergo

349 4632 455 4677 versu
473 4609 518 4677 ita
535 4609 608 4678 lere
623 4609 798 4698 perfectus
816 4621 1099 4695 argumentorum
1118 4631 1295 4677 connexus
1311 4607 1477 4698 integrari
1493 4618 1625 4697 potest:
