3656 5332
852 506 1072 573 -34..

319 681 409 748 bene
434 680 702 748 demonstravit:
734 678 920 760 Catullum,
946 702 1022 746 curn
1048 679 1080 747 in
1105 702 1320 770 vv.·15—-32
1344 703 1446 749 omne
1471 683 1599 752 amoris

320 768 472 845 studium
497 771 553 854 (—
570 769 616 836 ita
640 769 734 836 illum
759 769 872 836 locum
897 768 1194 856 interpretandum
1215 792 1295 837 esse
1313 769 1397 838 infra
1415 771 1598 860 explicabo

317 857 358 924 cf.
383 881 416 947 p.
439 881 483 946 44
511 857 562 941 —)
594 879 633 924 se
666 857 857 925 abhorrere
890 855 1021 924 diceret
1054 857 1107 944 (cs.
1134 857 1236 926 Birt.
1262 881 1295 947 p.
1318 860 1399 947 5l6),
1434 859 1597 929 aMallio

318 946 577 1103 guodammodo
602 945 790 1014 excitatum
814 967 911 1026 esse,
946 956 986 1012 ut
1019 945 1115 1034 ipse
1146 947 1309 1015 amoris
1341 948 1522 1046 gaudiis
1551 972 1597 1018 se

349 1047 453 1103 aret.
508 1032 628 1122 Atque
669 1035 698 1102 si
733 1035 957 1102 recordamur
998 1034 1090 1102 illam
1125 1035 1275 1128 priorem
1311 1059 1411 1104 amici
1446 1037 1596 1127 inopiam

318 1137 388 1209 (vv.
413 1125 484 1212 51⁶)
516 1135 550 1190 et
580 1123 788 1192 conferimus
819 1122 973 1212 inprimis
997 1146 1053 1192 vv
1078 1145 1220 1213 27-30,
1255 1137 1350 1193 certa
1373 1125 1450 1194 luce
1474 1149 1597 1195 omnes

317 1211 537 1281 condiciones
568 1211 742 1280 illustrare
772 1234 969 1302 possumus.
1016 1211 1067 1280 lta
1097 1212 1187 1280 enim
1212 1213 1485 1281 ratiocinandum
1517 1237 1596 1284 esse

318 1314 418 1390 puto:
455 1300 594 1369 Mallius
627 1323 785 1368 somnum
818 1323 943 1390 capere
968 1324 1035 1368 non
1066 1302 1192 1390 potuit,
1227 1302 1307 1389 quia
1333 1301 1495 1385 Veneris,
1528 1327 1596 1392 qua

317 1389 412 1460 illum
444 1391 618 1458 adducere
649 1389 760 1473 licuit,
799 1390 1007 1477 gaudiorum
1038 1403 1181 1480 propter
1212 1391 1313 1458 animi
1349 1392 1595 1461 demissionem

320 1502 398 1547 eum
423 1480 595 1562 taedebat,
620 1478 726 1567 idque
751 1481 877 1546 malum
904 1477 1043 1546 Catullo
1068 1479 1178 1547 amico
1204 1493 1349 1568 questus
1373 1492 1436 1548 est.
1478 1481 1595 1550 Voluit

320 1591 407 1655 ergo
431 1581 569 1657 poetam
595 1567 659 1636 sibi
683 1567 818 1635 illarum
845 1566 1058 1656 voluptatum
1085 1569 1279 1658 cupidinem
1305 1570 1419 1637 denuo
1443 1569 1594 1639 incitare.

321 1658 449 1746 ltaque,
468 1657 561 1744 quod
578 1658 738 1725 versibus
755 1678 887 1745 27-30
904 1668 1058 1745 apparet,
1083 1656 1222 1724 Mallius
1237 1670 1363 1746 poetae
1380 1657 1510 1726 crimini
1527 1661 1595 1745 dat,

319 1747 411 1835 quod
442 1745 617 1828 Veronae,
652 1745 710 1813 ubi
746 1768 863 1813 mores
898 1744 1095 1813 severiores
1125 1745 1208 1829 sint,
1267 1769 1346 1814 uam
1381 1747 1438 1834 qui
1469 1748 1595 1816 bomini

318 1835 522 1924 elegantiori
556 1834 779 1915 conveniant,
813 1835 943 1902 tamdiu
967 1839 1190 1920 remaneatl).
1239 1769 1396 1924 dptabat
1420 1835 1534 1924 igitur,
1560 1849 1597 1906 ut

319 1923 479 1992 Catullus
496 1923 637 1991 Verona
662 1923 868 1992 discederet.
902 1922 962 1992 Sin
988 1935 1103 1991 autem
1128 1925 1194 1992 hoc
1218 1923 1395 1992 inventum
1420 1925 1595 2013 coniungi·

319 2036 395 2081 mus
420 2036 497 2082 cum
522 2013 579 2080 illa
603 2013 698 2081 Malli
746 2035 836 2094 rece,
862 2012 1069 2080 concludere
1094 2013 1183 2094 licet,
1209 2035 1277 2101 qua
1301 2013 1434 2082 ratione
1458 2014 1597 2083 Mallius

317 2101 502 2171 aCatullo
526 2125 684 2170 »munera
735 2102 862 2168 eneris«
885 2101 1054 2191 petiverit.
1092 2100 1284 2191 Cupiverat
1308 2102 1397 2170 enim
1417 2101 1593 2171 Catullum

318 2191 458 2260 Verona
482 2191 526 2258 ad
549 2213 588 2259 se
613 2190 732 2259 venire
756 2203 861 2278 atque
885 2211 1005 2258 secum
1030 2212 1165 2259 amores
1182 2191 1389 2263 somniferos
1406 2191 1594 2282 suscipere,

318 2303 406 2369 quos
430 2281 527 2348 solus
550 2279 668 2348 subire
693 2303 759 2347 non
783 2279 895 2368 potuit
919 2279 1040 2346 dolore
1063 2279 1280 2368 profligatus.
1320 2279 1398 2364 Jam
1422 2279 1595 2349 Parthe-

317 2369 413 2436 nius
444 2391 528 2436 vera
559 2392 636 2436 cum
669 2368 765 2436 falsis
796 2367 973 2436 miscendo
1006 2369 1094 2436 hanc
1123 2369 1390 2437 declarationem
1415 2370 1595 2438 adumbra-

318 2457 411 2525 visse
433 2456 579 2538 videtur,
605 2479 683 2524 cum
700 2457 769 2524 duo
786 2455 882 2523 Malli
898 2457 1005 2544 petita
1021 2456 1129 2524 fuisse
1146 2456 1286 2541 diceret,
1312 2479 1458 2544 quorum
1475 2479 1593 2524 »unum

318 2558 392 2614 erat
417 2545 606 2613 carminum
631 2559 665 2612 et
689 2545 865 2626 librorum,
891 2545 1047 2626 alterum,
1072 2558 1108 2613 ut
1133 2545 1279 2613 Romam
1307 2545 1349 2631 (ἲ)
1373 2545 1516 2612 rediret«
1540 2546 1593 2624 (cf.

317 2634 529 2702 Hoersch.
555 2658 587 2724 p.
616 2657 656 2702 10
679 2646 714 2702 et
738 2632 958 2723 Sonnyum
983 2634 1016 2701 in
1032 2633 1255 2704 »Wochschr
1278 2635 1299 2702 f.
1326 2634 1369 2702 kl.
1394 2633 1494 2700 Phil«
1516 2634 1595 2701 Vlll

468 2726 478 2765 χ
940 2745 943 2750 .

318 2747 339 2855 p
374 2730 478 2881 53sSii)
493 2811 643 2900 denique
672 2811 751 2879 huic
782 2814 825 2880 de
849 2811 1066 2880 »muneribus
1091 2811 1253 2880 Veneris«
1276 2811 1427 2902 opinioni
1451 2811 1594 2879 alteram

319 2903 362 2970 de
385 2901 600 2970 »muneribus
620 2901 814 2968 Musarum«
837 2901 1052 2990 propositam
1076 2900 1275 2984 asserimus,
1301 2903 1367 2969 boc
1392 2899 1478 2968 effici
1505 2900 1594 2968 vide·

316 3014 409 3059 mus:
435 2991 614 3058 Mallius
640 2988 820 3059 Catullo
844 2989 1103 3079 scripserat,
1131 2996 1161 3075 1)
1186 3002 1232 3057 ut
1255 3011 1466 3057 novorum
1492 3013 1595 3058 amo-

316 3103 405 3147 rum
446 3078 833 3168 suscipiendorum
874 3101 1015 3146 causa
1054 3079 1105 3146 ad
1144 3101 1192 3146 se
1232 3078 1427 3159 veniret,
1467 3083 1500 3164 2)
1532 3100 1595 3147 se-

316 3190 497 3257 cumque
529 3166 730 3234 afferret
760 3168 816 3252 (cl.¹
840 3192 870 3236 v.
897 3189 940 3253 40
970 3168 1250 3251 »deferremdl
1282 3167 1484 3235 recentia
1508 3189 1595 3234 car-

315 3257 426 3325 mina
457 3256 600 3345 ipsius
624 3255 909 3344 aliorumque.

423 3344 490 3413 Cui
514 3344 639 3433 aliquis
662 3368 841 3435 opponere
864 3345 975 3434 possit
996 3344 1160 3427 Mallium,
1186 3367 1265 3413 cnm
1282 3342 1428 3411 Veneris
1452 3365 1595 3411 munera

315 3435 513 3524 petivisset,
548 3434 673 3524 quibus
704 3439 862 3502 somnu'm
898 3435 1073 3502 adducere
1098 3446 1234 3523 posset,
1266 3455 1334 3500 non
1359 3433 1424 3500 iam
1449 3455 1595 3500 necesse

315 3523 495 3605 habuisse,
543 3522 719 3591 insomniis
758 3545 897 3611 quoque
936 3522 1149 3590 consulendo
1188 3534 1350 3611 poemata
1389 3521 1596 3589 oblectantia

315 3635 496 3714 quaerere.
544 3611 616 3685 Sed
650 3633 840 3701 oppressus
865 3611 959 3678 Malli
990 3611 1125 3679 animus
1157 3609 1398 3700 respiciendus
1423 3622 1486 3677 est.
1534 3609 1596 3677 Po·

316 3715 383 3770 tius
407 3701 498 3769 enim
523 3701 592 3767 duo
609 3700 837 3769 medicamina
853 3723 899 3788 po
924 3699 1022 3783 oscit,
1047 3713 1085 3768 ut
1101 3712 1195 3768 certa
1213 3711 1307 3768 esset
1324 3698 1468 3767 sanatio
1502 3697 1596 3783 Quid

315 3813 420 3879 porro
441 3787 662 3857 verisimilius
686 3802 750 3871 est,
775 3812 879 3877 quam
934 3789 1060 3872 allium,
1087 3812 1164 3857 curn
1190 3788 1331 3857 Catullo
1355 3787 1533 3870 scriberet,
1559 3800 1596 3855 ut

317 3880 360 3958 ad
382 3902 421 3948 se
437 3878 581 3962 veniret,
605 3890 789 3966 praeterea
806 3877 973 3965 oravisse,
999 3891 1036 3946 ut
1053 3879 1185 3947 amicus
1202 3900 1292 3945 nova
1309 3877 1418 3966 ipsius
1434 3888 1596 3964 poemata

315 3991 434 4038 secum
459 3967 685 4057 apportaret?

421 4055 523 4125 Hunc
557 4078 643 4143 ergo
676 4054 710 4123 in
743 4078 885 4125 sensum
911 4054 1071 4124 Catullus
1103 4077 1208 4124 versu
1240 4053 1375 4121 decimo
1399 4052 1596 4142 pronuntiat

316 4145 470 4215 Mallium
494 4168 651 4213 »munera
668 4157 703 4212 et
719 4145 896 4214 Musarum
915 4156 950 4212 et
965 4143 1137 4228 Veneris«,
1162 4144 1182 4212 i.
1200 4167 1229 4212 e.
1248 4142 1399 4211 carmina
1415 4154 1449 4211 et
1465 4140 1596 4228 gaudia

317 4234 455 4321 amoris,
481 4259 500 4303 a
525 4257 565 4303 se
587 4234 782 4321 rogavisse.

425 4607 445 4679 ¹)
465 4610 498 4665 cs·
518 4625 546 4680 r·
567 4610 616 4680 431
