3656 5332
706 534 972 600 .—23—

226 709 313 778 libro
348 709 534 799 reperitur:
571 707 819 792 c.LXVls21:
854 709 927 776 »An
962 720 999 776 tu
1034 731 1101 775 non
1133 708 1256 775 orbum
1280 706 1415 791 (marito
1440 709 1502 792 sc.)

227 797 312 866 luxti
347 799 487 866 deserta
517 802 572 882 (τε
596 797 761 876 solitarial
793 797 929 865 cubile«.
978 796 1032 865 Cf.
1057 795 1157 884 Prop.
1182 795 1269 879 lll8b
1279 802 1312 879 12
1367 795 1419 880 (L.
1444 794 1503 879 M.)

225 889 385 976 »abrepta
408 889 569 954 desertus
586 886 734 972 coniuge
750 885 948 955 Achilleus«
965 891 1020 968 (=
1037 885 1234 970 solitarius),
1259 897 1293 952 et
1309 817 1396 952 gtat.
1416 883 1501 953 silv.

226 976 346 1063 lll6l4:
382 976 526 1044 »deserti
557 987 743 1065 praerepta
776 974 924 1064 coniuge
948 987 1081 1063 partem
1107 975 1324 1041 conclamare
1348 972 1435 1040 tori«.
1465 1013 1499 1022 -

226 1063 299 1133 Sed
323 1065 404 1134 illae
428 1087 572 1142 causae,
597 1087 685 1151 quas
709 1064 741 1131 in
767 1085 825 1152 pg.
854 1067 954 1152 15l1⁶
977 1062 1139 1145 disserui,
1165 1075 1202 1142 ut
1226 1063 1502 1130 demonstrarem

226 1154 457 1222 calamitatem
482 1152 578 1221 Malli
612 1176 680 1220 non
715 1153 748 1220 in
783 1155 903 1220 uxoris
937 1165 1049 1221 morte
1084 1151 1185 1219 sitam
1221 1174 1300 1219 esse
1336 1150 1503 1240 potuisse,

227 1242 306 1310 huic
330 1242 395 1331 ipsi
419 1241 691 1331 interpretationi
715 1243 902 1309 verborum
927 1264 1091 1310 versuum
1108 1241 1167 1330 516
1190 1241 1338 1323 obstant,
1368 1239 1503 1306 etiamsi

226 1330 346 1399 uxoris
382 1331 602 1399 amissionem
636 1352 704 1398 non
734 1331 847 1419 ipsum
872 1330 967 1398 illum
991 1352 1112 1399 casum
1135 1351 1282 1418 gravem
1307 1331 1377 1415 (vv.
1406 1337 1503 1415 1-4)

227 1419 326 1486 amici
355 1420 463 1488 fuisse
493 1419 670 1509 ponimus,
701 1421 763 1486 sed
797 1433 937 1508 praeter
967 1420 1040 1503 vel,
1077 1419 1170 1506 quod
1200 1417 1345 1504 cogitari
1376 1429 1502 1505 potest,

226 1520 369 1598 propter
404 1507 596 1608 principale
633 1507 852 1576 infortunium
892 1508 1076 1597 ingruisse.
1135 1506 1323 1575 Praeterea
1366 1506 1503 1573 duabus

227 1595 480 1665 calamitat1bus
503 1596 606 1664 simul
629 1597 823 1665 statuendis
846 1610 1028 1687 repugnat,
1060 1595 1154 1684 quod
1178 1619 1234 1664 vv.
1258 1597 1318 1684 516
1341 1594 1504 1663 versibus

227 1685 286 1772 7,8
306 1707 451 1774 prorsus
483 1685 695 1785 respondent
703 1711 712 1770 ;
744 1685 906 1773 quoniam
937 1687 1028 1754 enim
1057 1685 1112 1753 his
1140 1706 1252 1753 novus
1276 1683 1377 1752 amici
1401 1705 1505 1752 casus

225 1795 293 1840 non
324 1772 508 1856 indicatur,
542 1774 609 1842 illis
640 1774 810 1842 eiusmodi
840 1798 914 1842 rem
945 1774 1111 1864 explicari
1135 1797 1203 1842 non
1227 1772 1414 1842 verisimile
1438 1786 1502 1841 est.

226 1859 284 1929 Ob
323 1861 358 1929 id
395 1862 508 1952 ipsum
544 1875 659 1931 autem
696 1864 832 1931 tertiam
868 1886 1009 1951 quoque
1047 1862 1294 1952 interpretandi
1333 1861 1503 1929 rationem

224 1951 382 2040 repudio,
406 1973 498 2040 quae
523 1952 775 2038 Doeringio
800 1952 851 2035 (cf.
876 1974 936 2040 pg.
958 1954 998 2020 16
1015 1975 1088 2023 ann.
1105 1953 1140 2040 2)
1156 1950 1331 2041 placuisse
1355 1950 1502 2018 videtur.

228 2037 394 2107 Concedo
430 2039 521 2108 enim
555 2040 655 2108 facile
689 2040 842 2127 cogitatu
879 2063 959 2108 esse
984 2039 1138 2108 Mallium
1170 2051 1380 2129 propter
1410 2038 1502 2107 illam

227 2127 457 2195 tristissimam
488 2141 619 2196 sortem
653 2152 673 2196 a
706 2129 820 2219 puella
854 2153 917 2198 sua
940 2130 1118 2198 desertum
1144 2151 1234 2197 esse.
1281 2127 1354 2196 Sed
1378 2149 1503 2215 aequa·

227 2214 358 2284 bilitate
382 2239 546 2285 versuum
570 2219 630 2307 516
653 2229 687 2286 et
711 2218 770 2307 718
792 2231 976 2308 perspecta
1000 2241 1233 2300 commoveor,
1258 2229 1296 2284 ut
1319 2217 1411 2284 illam
1428 2237 1504 2283 sen·

226 2305 367 2373 tentiam
402 2307 638 2395 repellendam
678 2329 758 2375 esse
797 2330 970 2376 censeam.
1028 2307 1163 2396 ltaque,
1204 2329 1307 2395 quem
1343 2317 1503 2394 quartum

226 2394 386 2462 constitui
410 2417 545 2479 casum,
582 2396 694 2464 solum
719 2396 957 2486 accipiendum
982 2419 1062 2464 esse
1086 2396 1247 2478 arbitror,
1284 2407 1321 2462 ut
1345 2395 1404 2484 qui
1427 2394 1505 2462 sim-

224 2482 433 2571 plicissimus
449 2484 501 2552 'sit
525 2497 560 2553 et
583 2485 729 2572 singulis
753 2485 870 2554 verbis
889 2485 1020 2575 optime
1036 2483 1228 2554 conveniat.
1261 2483 1400 2552 Mallius
1416 2504 1504 2569 ergo

227 2575 390 2661 innuptus
425 2587 516 2658 erat,
550 2586 586 2641 ut
620 2597 640 2641 a
672 2574 742 2643 fida
777 2574 925 2661 coniuge
956 2575 1122 2642 solacium
1148 2587 1268 2663 petere
1292 2595 1359 2640 non
1383 2583 1504 2662 posset

226 2673 331 2748 atque
366 2660 396 2728 is
426 2663 626 2731 »desertus«.
675 2662 792 2749 Quam
823 2687 946 2732 vocem
980 2665 1023 2731 ad
1055 2685 1193 2731 amores
1217 2676 1377 2752 spectare
1402 2661 1505 2728 mani-

224 2749 350 2817 festum
375 2762 438 2818 est.
486 2751 577 2818 Nam
601 2751 720 2819 Mallio
753 2753 896 2842 innupto
927 2776 1004 2821 cum
1034 2752 1159 2842 puellis
1184 2751 1399 2820 consuetudo
1423 2771 1504 2817 esse

221 2837 346 2925 potuit,
375 2839 408 2905 in
432 2861 565 2906 morem
589 2841 717 2907 levium
742 2839 832 2908 illius
856 2841 980 2908 aetatis
1004 2840 1176 2908 iuvenum.
1224 2838 1297 2908 Sed
1321 2861 1399 2907 cum
1423 2839 1504 2906 ami·

225 2949 288 2994 cus
316 2925 351 2993 id
382 2927 549 3016 temporis
582 2929 708 2997 talibus
740 2929 879 3016 gaudiis
912 2952 979 2996 non
1004 2952 1089 2997 usus
1113 2929 1173 3016 sit,
1209 2928 1399 2996 solitarium
1424 2950 1503 2995 eum

223 3015 330 3083 fuisse
347 3014 506 3105 legimus
537 3016 652 3085 Libuit
676 3031 792 3086 autem
816 3017 899 3086 viris
922 3019 1033 3087 doctis
1057 3017 1240 3106 inquirere,
1267 3040 1341 3086 cur
1365 3015 1505 3085 Mallius

225 3104 400 3174 »desertus
413 3104 446 3172 in
463 3106 554 3174 lecto
571 3107 717 3175 caelibe«
734 3120 837 3175 esset.
867 3106 977 3175 Cuius
993 3107 1044 3176 rei
1061 3110 1150 3175 duae
1164 3129 1291 3175 causae
1303 3106 1504 3196 propositae

225 3206 323 3261 sunt:
355 3206 413 3262 aut
446 3198 478 3282 1)
500 3195 699 3264 facultatem
730 3196 937 3285 copiamque
974 3219 1130 3264 amorum
1162 3196 1209 3264 illi
1239 3196 1408 3278 defuisse,
1445 3207 1504 3263 aut

225 3286 256 3364 2)
280 3281 374 3350 illum
400 3285 617 3373 voluptatum
641 3285 932 3374 opportunitatem
959 3287 1132 3365 habuisse,
1157 3287 1220 3352 sed
1245 3298 1389 3374 propter
1405 3283 1503 3370 aegri

225 3370 328 3439 animi
371 3372 573 3440 affectiones
619 3376 662 3442 ab
707 3375 757 3441 eis
795 3375 1029 3442 abhorruisse.
1091 3374 1168 3441 Hoc
1212 3374 1364 3441 defendit
1402 3372 1437 3438 H
1446 3395 1502 3440 ar-

225 3461 447 3529 neckerus
472 3463 517 3551 (p.
533 3464 577 3548 4),
603 3461 686 3530 illud
710 3461 1503 3551 Hoerschelmannus(p.5)Weberus-

225 3571 293 3649 que
318 3555 361 3638 (p.
391 3551 476 3636 106).
525 3550 635 3620 Recte
671 3564 786 3620 autem
820 3551 926 3640 priori
960 3574 1088 3620 causae
1119 3552 1304 3640 opponitur
1335 3549 1502 3628 Mallium,

224 3661 254 3706 s1
288 3637 365 3727 ipse
398 3639 524 3727 puellis
559 3643 714 3724 carebat,
759 3639 899 3709 Catullo
931 3641 1071 3709 obicere
1104 3663 1171 3708 non
1203 3639 1375 3729 potuisse,
1408 3639 1502 3728 quod

227 3725 388 3796 Veronae
423 3742 633 3813 moraretur,
667 3729 701 3797 in
736 3730 865 3818 oppido
901 3752 1027 3799 severo
1063 3728 1331 3818 libidinibusque
1366 3728 1503 3797 inimico

225 3819 293 3902 (vv.
317 3822 474 3906 27-30).
521 3817 611 3884 Nam
636 3840 701 3887 suo
725 3818 799 3886 iure
823 3831 927 3908 poeta
951 3820 1016 3886 hoc
1041 3819 1170 3886 crimen
1195 3818 1226 3886 in
1252 3818 1415 3900 amicum,
1447 3818 1503 3886 cui

224 3904 290 3993 ipsi
314 3905 407 3973 nulla
431 3928 587 3974 amorum
612 3907 751 3976 occasio
775 3918 860 3989 erat,
884 3907 1074 3977 reiecisset.
1121 3907 1242 3996 ltaque
1267 3907 1411 3975 alteram
1432 3907 1503 3994 opi·

198 3992 363 4062 'nionem
393 3995 508 4083 magis
540 3997 757 4085 probabilem
782 4017 862 4064 esse
885 4009 980 4086 puto.
1027 3997 1176 4066 Potuit
1199 3995 1339 4085 quidem
1364 3994 1504 4063 Mallius

225 4104 364 4151 amores
394 4084 538 4166 sectari,
569 4088 633 4155 sed
661 4085 793 4155 taeduit
816 4107 895 4153 eum
920 4087 1151 4175 voluptatum,
1184 4108 1261 4152 cum
1286 4083 1420 4152 animus
1443 4083 1503 4151 illo

224 4193 308 4239 casu
342 4174 492 4241 adverso
524 4173 624 4243 nimis
679 4196 843 4244 ercussus
866 4188 962 4243 esset
984 4176 1038 4262 (cf.
1065 4174 1133 4243 Ov.
1158 4198 1203 4242 ex
1227 4173 1325 4242 Pont.
1351 4173 1502 4273 ll1ol33:

223 4259 314 4328 »Nec
348 4260 443 4330 vires
477 4263 596 4332 adimit
665 4264 779 4334 eneris
814 4264 982 4332 damnosa
1017 4264 1196 4353 voluptas,
1232 4262 1310 4330 Non
1345 4263 1435 4330 solet
1468 4285 1502 4330 m

224 4361 378 4416 maestos
402 4349 458 4417 illa
473 4352 601 4421 ¹venire
624 4355 769 4440 torosa).
818 4351 892 4421 Cur
916 4365 1043 4436 autem,
1068 4374 1211 4442 quaes0,
1236 4353 1329 4440 apud
1354 4351 1502 4422 amicum

224 4437 364 4506 Mallius
388 4439 541 4527 queritur
565 4443 631 4510 sibi
652 4443 826 4511 Venerem
852 4442 1081 4510 abalienatam
1106 4462 1197 4523 esse,
1222 4441 1252 4508 si
1275 4440 1340 4530 ipsi
1364 4462 1504 4509 amores

223 4526 361 4595 fastidio
378 4530 482 4598 sunt?
517 4529 714 4619 Diligenter
730 4532 839 4599 verba
855 4552 1020 4600 versuum
1044 4534 1104 4621 516
1128 4530 1404 4632 contemplantes
1421 4551 1501 4596 eum

223 4615 459 4703 intellegimus
482 4642 549 4687 non
569 4621 603 4688 id
620 4621 774 4712 inprimis
791 4619 956 4702 doluisse,
981 4619 1075 4708 quod
1092 4620 1240 4688 Venus
1263 4617 1379 4707 miqua
1396 4631 1502 4700 esset,
