3656 5332
852 509 1073 596 -48..

319 745 385 791 non
425 745 445 790 e
478 721 667 810 longinquo
700 720 894 810 petivisset.
917 719 1084 809 ,Neque
1109 744 1178 790 vox
1214 723 1424 814 »bospitis<‹1)
1460 728 1504 811 (v.
1545 727 1597 813 12)

320 810 545 898 neglegenda
569 823 632 878 est.
680 810 769 878 Nam
794 809 826 877 in
859 811 945 878 urbe
969 809 1082 878 Roma
1111 811 1187 901 ipsa
1213 811 1352 881 Catullo
1376 814 1507 903 hospes
1530 837 1598 882 non

320 898 436 989 magis
467 922 556 988 opus
589 912 663 967 erat
697 921 801 987 quam
825 897 961 981 Mallio,
996 898 1024 967 si
1059 899 1113 967 hic
1137 924 1176 969 re
1200 924 1285 970 vera
1309 901 1354 969 ibi
1379 905 1597 971 versabatur.

318 989 448 1078 Utique
473 987 578 1075 igitur
602 988 860 1058 obseruandum
886 1000 939 1055 est
963 1011 1076 1077 neque
1100 988 1255 1058 Mallium
1280 990 1313 1058 in
1332 989 1459 1059 Catulli
1484 1015 1599 1081 neque

319 1077 495 1147 Catullum
520 1077 552 1145 in
577 1076 672 1144 Malli
697 1077 807 1166 patria
832 1077 959 1158 diutius
984 1078 1105 1146 sedem
1129 1080 1303 1148 habuisse.
1349 1079 1432 1148 Mihi
1457 1081 1597 1169 quidem

319 1166 451 1235 amicus
474 1165 513 1233 in
539 1166 717 1235 Galliae
743 1164 999 1255 Cisalpinae
1023 1167 1191 1256 oppido*
1210 1165 1318 1236 haud
1342 1169 1402 1236 ita
1426 1173 1595 1258 parvo2)

319 1255 550 1325 habitasse
584 1255 760 1323 videtur
802 1255 854 1341 (cf.
891 1252 1115 1343 Sonnyum
1150 1280 1182 1346 p.
1224 1279 1269 1346 53
1299 1261 1375 1345 sq.).
1435 1257 1525 1325 Nam
1568 1259 1602 1327 si·

317 1344 492 1413 minimum
516 1344 647 1426 suisset,
672 1367 740 1412 non
765 1343 883 1425 vide0,
908 1345 1085 1431 quomodo
1109 1345 1167 1413 ille
1193 1344 1333 1414 Catullo
1358 1346 1487 1414 crimini
1513 1348 1597 1414 dare
1695 1377 1699 1385 ·

317 1433 478 1524 potuerit,
503 1433 597 1521 quod
623 1433 794 1514 Veronae,
819 1433 852 1500 in
877 1431 1043 1522 oppidulo
1066 1433 1191 1522 prisc0‚
1218 1434 1426 1504 domicilium
1452 1447 1596 1518 teneret,

298 1536 425 1613 ¹atque
449 1521 529 1590 ideo
553 1535 692 1610 poetam
717 1523 761 1588 ad
786 1522 867 1589 volu
895 1533 985 1590 tates
1016 1523 1057 1588 ad
1089 1544 1128 1590 se
1153 1523 1308 1592 invitare.
1356 1524 1409 1592 Ex
1434 1525 1498 1592 hac
1522 1525 1598 1613 ipsa

319 1634 424 1680 causa
458 1623 573 1678 autem
608 1634 675 1678 non
709 1611 814 1678 credo
877 1610 1004 1688 allium,
1064 1611 1097 1677 ui
1131 1611 1265 1680 Romae
1299 1612 1419 1681 vivere
1452 1616 1596 1690 solebat,

319 1714 391 1769 tum
426 1699 458 1767 in
492 1699 636 1789 praedio
669 1712 839 1767 moratum
871 1722 950 1767 esse
974 1633 1255 1786 (itabueisius
1280 1703 1300 1769 l.
1326 1725 1353 1770 c.
1379 1725 1411 1790 p.
1440 1708 1503 1786 11).
1549 1702 1598 1771 Ut

224 1840 226 1844 .
319 1789 408 1859 enim
444 1787 477 1856 in
512 1789 618 1856 villa
654 1810 732 1856 cum
769 1787 910 1856 Catullo
950 1789 1066 1856 varios
1101 1813 1212 1858 nouos
1245 1812 1383 1858 amores
1414 1791 1594 1880 suscipere

343 1878 455 1946 otuit?
485 1919 515 1926 —
546 1877 651 1963 Quod
683 1877 833 1966 denique
863 1879 908 1945 de
932 1877 1052 1945 Baiis
1079 1878 1254 1947 fabulatus
1284 1891 1339 1947 est
1361 1879 1398 1946 M
1409 1903 1516 1946 unro
1540 1883 1592 1966 (-

318 1903 570 2054 iowettium
607 1966 781 2054 relinquo;
818 1967 859 2034 cf.
883 1989 916 2056 p.
948 1989 993 2055 42
1016 1972 1089 2050 —)‚
1121 1967 1215 2045 nullo
1246 1968 1345 2036 firmo
1390 1982 1598 2054 argumento

319 2056 445 2124 nititur.
502 2055 593 2124 Nam
626 2079 735 2124 auu.
769 2079 811 2144 27
824 2078 901 2144 -30
934 2079 954 2123 e
988 2054 1180 2124 Palladii
1217 2055 1378 2145 opinione
1411 2058 1596 2126 declaratis

318 2146 376 2214 ille
406 2145 582 2234 profectus
613 2157 666 2212 est
698 2158 802 2232 atque
826 2167 995 2245 perverse
1019 2143 1052 2212 id
1077 2143 1233 2234 inprimis
1257 2146 1474 2235 respiciebat,
1501 2147 1594 2235 quod

319 2233 587 2303 Lesbia-Clodia
622 2257 683 2302 sae
710 2257 729 2302 e
763 2233 857 2301 Baiis
892 2233 1058 2301 lasciviae
1092 2233 1278 2302 indulsisse
1312 2235 1468 2303 traditur.
1524 2235 1596 2303 Sed

320 2337 392 2392 toto
438 2322 589 2390 carmine
628 2322 657 2389 L
699 2322 795 2390 Villa
831 2345 873 2390 ne
912 2336 1220 2391 commemoratum
1267 2323 1407 2414 quidem
1446 2323 1597 2392 Lesbiae

320 2435 474 2479 amorem
498 2433 579 2479 esse
604 2411 671 2478 iam
696 2411 844 2480 disserui
871 2421 881 2490 (
909 2413 999 2498 .42).
1048 2409 1215 2480 Ceterum
1233 2436 1300 2480 non
1318 2413 1423 2481 credo
1440 2413 1596 2480 Mallium

322 2500 413 2569 Baiis
443 2501 618 2569 Veronam
642 2500 674 2567 in
699 2434 907 2589 spatiumlg
931 2501 1004 2568 fere
1028 2500 1158 2568 milium
1189 2523 1356 2590 passuum
1387 2501 1597 2569 levaminum

320 2589 480 2658 celeriter
503 2590 732 2677 petendorum
756 2612 863 2658 causa
885 2589 1018 2657 litteras
1043 2589 1188 2658 misisse.
1217 2631 1253 2660 .—

427 2677 492 2745 His
525 2678 742 2746 extrinsecus
777 2677 944 2767 expositis
977 2701 1066 2746 nunc
1100 2679 1143 2746 ad
1177 2679 1337 2746 carminis
1370 2678 1473 2746 finem
1498 2678 1598 2746 inter-

320 2767 527 2857 pretandum
559 2767 867 2854 transgrediamur.
913 2766 982 2835 Ubi
1012 2791 1104 2836 nova
1134 2768 1286 2835 rixarum
1320 2791 1426 2835 causa
1457 2767 1597 2847 exstitit,

319 2880 397 2925 cum
422 2857 466 2924 de
490 2856 607 2924 verbis
630 2878 730 2924 »non
755 2857 1000 2944 utriusque«
1016 2866 1061 2942 (v.
1079 2859 1134 2946 39)
1152 2856 1216 2925 viri
1233 2856 1322 2924 docti
1340 2858 1443 2925 valde
1469 2856 1597 2925 dissen-

319 2945 430 3014 tirent.
481 2943 640 3013 Catullus
664 2946 754 3012 enim
779 2945 868 3023 dicit,
893 2968 972 3013 cum
989 2945 1069 3014 talia
1086 2946 1130 3013 de
1146 2946 1346 3014 muneribus
1368 2959 1402 3013 et
1418 2944 1597 3013 Musarum

320 3050 354 3102 et
371 3033 519 3102 Veneris
542 3033 771 3122 responderit,
798 3035 944 3101 amicum
962 3046 1077 3101 tamen
1094 3057 1133 3102 se
1149 3057 1217 3102 non
1238 3034 1426 3124 malignum
1444 3033 1597 3101 iudicare

320 3124 461 3207 debere,
487 3122 582 3209 quod
606 3145 687 3189 »non
713 3123 907 3210 utriusque«
932 3122 1066 3212 copiam
1090 3125 1300 3212 praebuerit.
1478 3177 1480 3180 -

430 3210 473 3278 Et
497 3213 607 3279 altera
631 3211 771 3298 quidem
788 3224 1098 3279 commentatorum
1116 3235 1198 3301 pars
1215 3211 1435 3297 (Muretus,
1460 3209 1598 3309 Haup-

321 3299 407 3368 tius
433 3322 486 3388 ap.
512 3299 611 3386 Belg.
637 3323 669 3389 p.
694 3322 769 3388 247,
795 3298 992 3368 Weisius
1016 3324 1067 3390 pr.
1096 3301 1181 3390 1863
1204 3325 1236 3390 p.
1261 3306 1329 3391 4l5,
1355 3300 1540 3386 Magnus
1564 3321 1597 3365 m

320 3389 384 3457 >›Fl.
408 3389 509 3475 J.-ss.«
547 3389 631 3480 1875
659 3412 692 3478 p.
717 3391 799 3479 851,
838 3388 1142 3457 Baehrensius
1177 3390 1210 3457 in
1246 3413 1369 3458 comm.
1407 3389 1450 3456 ad
1486 3412 1518 3455 v.
1543 3409 1595 3475 39,

320 3478 348 3544 F
357 3500 547 3546 ennerus
570 3502 602 3568 p.
628 3480 684 3559 26)
709 3478 864 3546 arbitrati
888 3490 968 3546 sunt
991 3481 1099 3569 verba

622 3591 718 3634 »non
742 3566 1295 3655 utriusque«:»neutrius«

346 3656 415 3722 erci
441 3655 544 3725 ienda
576 3678 671 3739 esse,
706 3679 810 3744 quam
841 3656 1037 3745 opinionem
1062 3654 1230 3724 Birtius
1261 3654 1308 3741 (in
1331 3653 1470 3721 »Rheim
1495 3653 1600 3721 Mus«

320 3679 392 3812 ilx
431 3744 478 3811 IV
501 3768 534 3833 p.
560 3766 580 3833 5
605 3757 640 3812 et
663 3745 697 3812 in
722 3768 844 3814 comm.
869 3769 902 3835 p.
931 3750 1020 3834 14l5)
1045 3744 1217 3813 sermonis
1245 3742 1415 3832 exemplis
1446 3742 1599 3810 stabilire

320 3834 493 3901 studebat.
540 3833 690 3903 Putabat
714 3835 813 3918 enim,
845 3848 882 3902 ut
906 3857 926 3902 a
949 3833 1064 3924 poetis
1086 3833 1188 3921 gravi
1213 3856 1291 3902 cum
1315 3844 1492 3900 momento
1516 3853 1598 3896 »non

321 3924 407 3991 ullo«
431 3946 494 4012 pro
517 3924 641 3991 »nullo«
665 3923 847 4008 diceretur,
873 3923 920 3992 ita
944 3923 1047 3992 etiam
1066 3921 1206 3992 Catullo
1230 3945 1294 4011 pro
1311 3943 1399 3989 voce
1414 3919 1599 3987 »neutrius«

320 4053 363 4061 —
399 4012 479 4100 quia
514 4036 628 4103 neque
663 4026 833 4081 »necuter«
868 4013 975 4103 (quod
1008 4012 1040 4080 in
1076 4011 1115 4080 C.
1150 4012 1179 4097 J.
1216 4010 1254 4079 L.
1281 4008 1431 4099 Vll1527
1467 4018 1600 4106 tantum

321 4100 483 4186 occurrit)
523 4123 641 4202 neque·
677 4124 759 4170 »non
795 4116 886 4170 uter«
927 4100 1083 4170 adhiberi
1124 4110 1247 4189 posset
1284 4139 1327 4148 -
1366 4121 1430 4187 per
1475 4109 1600 4164 tmesm

321 4213 445 4258 vocem
468 4213 552 4256 »non
576 4204 771 4280 utriusque«
795 4213 965 4346 usurpare
981 4189 1130 4258 licuisse.
1178 4186 1251 4257 Sed
1268 4209 1357 4277 quos
1374 4187 1431 4254 ille
1447 4183 1601 4254 attulerit

321 4280 427 4359 locos
445 4278 677 4349 debilissimos
694 4301 773 4348 esse
786 4278 853 4346 iam
906 4280 955 4345 ku
966 4278 1138 4346 tschius
1155 4277 1200 4362 (in
1213 4277 1294 4345 >›Rh.
1311 4276 1374 4344 M.‹<
1389 4271 1601 4344 XXXXVII

432 4511 451 4581 ¹)
471 4513 539 4582 Qua
559 4511 704 4568 Catullum
729 4527 783 4582 per
802 4510 905 4566 vivum
930 4510 1001 4567 iuris
1026 4511 1178 4583 morisque
1197 4525 1320 4566 sensum
1346 4524 1433 4564 usum
1459 4523 1527 4562 esse
1545 4499 1607 4559 illo'

322 4583 454 4654 graviter
472 4583 572 4639 addito
594 4582 754 4638 »officium«
775 4583 1004 4639 demonstratur.

429 4652 449 4722 ²)
470 4654 629 4710 Nominare
648 4654 714 4710 licet
732 4654 899 4710 Bononiam
919 4654 968 4709 vel
988 4653 1153 4711 Patavium.
