3656 5332
882 527 1102 572 ...20—

356 699 557 790 A.A,1119;
575 700 703 791 Apulei
719 700 801 769 Met.
819 700 922 782 lll11:
939 699 1130 787 »navigium
1144 698 1305 767 Veneris«
1313 723 1321 781 ;
1339 699 1396 766 vd.
1414 699 1518 768 Birt.
1536 723 1569 789 p.
1587 705 1631 788 5).

356 791 429 861 Sed
460 790 599 859 minime
629 788 888 876 neglegendum
918 800 972 857 est
997 788 1172 857 Catullum
1197 787 1291 856 Malli
1318 788 1490 856 fortunam
1515 788 1632 857 adum-

355 879 513 948 brantem
531 879 672 947 eadem
688 877 839 966 imagine
855 877 914 958 uti,
939 900 1022 966 qua
1046 898 1151 945 suas
1174 877 1319 964 ipsius
1343 877 1632 946 condiciones

356 987 545 1058 earumque
575 989 716 1036 causam
745 967 961 1034 demonstrat
992 968 1037 1054 (v.
1066 987 1106 1053 13
1129 970 1217 1054 sqq.)
1254 966 1308 1034 ln
1339 989 1408 1033 uno
1439 965 1633 1035 differentia

355 1057 545 1126 intercedit.
599 1054 709 1124 Poeta
739 1054 829 1123 enim
860 1054 940 1122 dicit
970 1077 1010 1122 se
1041 1054 1154 1144 ipsum
1184 1052 1345 1122 fluctibus
1378 1056 1542 1139 mersari,
1574 1055 1632 1143 qui

357 1159 473 1215 autem
497 1145 598 1212 undis
621 1142 787 1223 obruitur,
816 1141 914 1211 brevi
939 1155 1018 1211 ante
1042 1142 1260 1229 naufragium
1283 1165 1410 1232 passus
1434 1156 1497 1214 est.
1530 1143 1633 1213 Unde

357 1245 502 1324 apparet
519 1232 647 1303 Catulli
669 1233 811 1301 fratrem
835 1255 903 1299 non
928 1232 1035 1300 multo
1052 1243 1132 1300 ante
1148 1231 1354 1300 decessisse.
1388 1231 1509 1320 ltaque
1526 1245 1630 1322 poeta

356 1323 390 1392 in
413 1347 469 1391 vv.
497 1345 604 1409 1-40
628 1320 795 1390 altissima
819 1320 954 1389 tristitia
977 1321 1130 1389 imbutus
1154 1343 1233 1388 esse
1250 1320 1396 1389 videtur.
1430 1321 1524 1388 Nulli
1541 1321 1632 1390 enim

355 1412 408 1481 rei
430 1434 470 1480 se
493 1411 624 1479 dedere
647 1411 735 1491 vult,
771 1432 815 1477 ne
846 1408 1020 1478 consuetis
1051 1422 1085 1478 et
1108 1420 1211 1477 antea
1234 1409 1394 1478 dulcibus
1420 1409 1560 1498 quidem
1586 1414 1629 1494 (v,

360 1523 409 1590 19,
434 1523 488 1589 23,
511 1500 585 1588 26)t
633 1499 771 1566 Mallius
801 1511 920 1566 contra
950 1497 1111 1566 fluctibus
1141 1498 1209 1566 iam
1234 1498 1267 1566 in
1291 1520 1388 1566 oram
1413 1499 1544 1568 eiectus
1568 1511 1631 1567 est.

358 1590 475 1680 Ipsum
492 1611 579 1676 ergo
596 1587 726 1656 doloris
742 1587 912 1655 turbinem
925 1587 1267 1656 vehementissimum
1282 1601 1511 1677 superaverat
1527 1600 1632 1677 atque

357 1679 391 1747 in
413 1702 457 1748 eo
481 1690 571 1759 erat,
606 1689 644 1744 ut
667 1676 905 1745 tantummodo
936 1676 1046 1744 amico
1074 1689 1211 1763 egeret,
1246 1676 1304 1764 qui
1338 1675 1552 1745 debilitatum
1581 1678 1630 1744 ad

381 1767 509 1836 riorem
532 1766 665 1853 vigoris
687 1778 814 1833 statum
838 1764 1016 1851 redigeret
1040 1765 1093 1853 (cf.
1120 1765 1293 1834 Weber.
1318 1789 1349 1854 p.
1378 1772 1463 1854 107).
1510 1766 1631 1854 ltaque

396 1857 452 1924 alli
487 1855 589 1924 animi
621 1853 867 1922 demissionem
900 1853 992 1921 haud
1022 1854 1068 1922 ita
1101 1868 1276 1922 recentem
1309 1855 1416 1923 fuisse
1440 1867 1525 1944 puto
1549 1868 1631 1938 tum,

358 1943 600 2014 cum'Catullo
624 1943 771 2032 scripsit.
821 1940 1021 2010 Vexabatur
1051 1955 1167 2012 autem
1198 1943 1265 2010 illis
1296 1943 1419 2012 subitis
1443 1943 1633 2026 doloribuS,

358 2034 484 2123 quibus
515 2032 673 2102 homines
705 2054 788 2100 casu
811 2031 987 2119 inopinato
1010 2031 1161 2121 perculsi
1185 2033 1287 2100 etiam
1312 2045 1391 2122 post
1415 2033 1561 2122 primam
1586 2033 1632 2100 in·

357 2121 529 2192 felicitatis
552 2119 865 2189 consternationem
890 2120 1044 2209 torqueri
1068 2121 1190 2188 solent.
1230 2121 1328 2189 Haec
1353 2121 1441 2190 inter
1461 2122 1632 2209 imagines

357 2210 391 2280 in
414 2235 471 2280 νν.
499 2233 584 2296 1-4
619 2223 653 2278 et
679 2231 720 2297 13
752 2209 905 2298 prolatas
939 2209 1083 2277 interest
1118 2209 1367 2278 dissimilitudo.
1424 2210 1497 2280 Sed
1532 2233 1631 2298 argu·

357 2311 474 2369 menta
508 2322 627 2366 earum
660 2297 799 2366 minime
833 2297 1003 2365 differunt.
1050 2297 1143 2384 Quia
1172 2311 1288 2367 autem
1319 2322 1386 2367 non
1412 2301 1517 2368 credo
1541 2301 1632 2368 idem

358 2389 574 2478 exemplum,
614 2386 819 2475 praesertim
855 2409 932 2454 cum
967 2386 1150 2455 intervallo
1185 2399 1264 2456 octo
1298 2400 1430 2456 tantum
1466 2411 1631 2456 versuum

357 2478 516 2559 iteretur,
559 2476 614 2543 hic
657 2475 759 2543 alium
801 2475 959 2542 fortunae
998 2497 1117 2543 casum
1153 2478 1392 2545 demonstrare
1420 2490 1525 2565 atque
1555 2475 1632 2558 illic,

358 2588 485 2634 censeo
509 2563 629 2632 Malli
653 2563 952 2632 calamitatem
977 2563 1231 2632 simillimam
1254 2565 1362 2633 fuisse
1379 2564 1508 2633 Catulli
1524 2564 1634 2653 ipsius

359 2676 556 2724 aerumnae.
599 2652 753 2720 Mallium
777 2652 882 2738 igitur
906 2652 982 2720 dico
1006 2676 1118 2740 aeque
1142 2677 1182 2722 ac
1208 2653 1382 2723 Catullum
1406 2655 1632 2722 funebrem

359 2766 478 2814 casum
513 2755 673 2831 questum
709 2764 797 2824 esse,
835 2741 909 2809 sive
945 2756 1116 2830 cognatus
1151 2744 1226 2812 eius
1260 2742 1337 2811 sive
1370 2755 1473 2810 notus
1510 2743 1633 2832 aliquis

359 2855 530 2922 carusque
561 2844 707 2900 mortem
741 2831 885 2898 obierat.
932 2829 1010 2898 Hoc
1041 2844 1156 2900 autem
1188 2855 1266 2900 cum
1296 2831 1477 2921 proposito
1501 2853 1633 2913 omnes

358 2944 446 3012 quas
482 2944 588 3010 supra
623 2918 799 3005 constitui,
836 2919 1057 2988 condiciones
1081 2920 1210 3010 optime
1235 2933 1441 3009 congruunt.
1488 2920 1634 2990 Amicus

358 3032 445 3097 ergo
480 3010 693 3096 aliquantum
723 3008 890 3096 temporis
920 3021 1000 3097 post
1032 3031 1167 3090 casum,
1201 3033 1280 3078 cum
1304 3009 1438 3078 animus
1463 3009 1633 3077 tristitiam

359 3098 502 3167 eluctari
519 3097 717 3178 eniteretur,
743 3095 883 3164 Catullo
906 3097 1131 3187 »epistolium«
1156 3098 1292 3166 misisse
1308 3098 1454 3182 videtur,
1481 3099 1523 3166 ad
1541 3098 1634 3185 quod

358 3201 463 3277 poeta
487 3189 638 3254 carmine
662 3185 826 3252 LXVllla
848 3187 1047 3275 respondet.

659 3739 743 3822 111.
774 3741 835 3821 De
862 3739 1066 3822 versibus
1094 3736 1159 3842 blb
1187 3741 1231 3820 et
1261 3735 1333 3842 tls,

465 3894 518 3962 Ex
543 3894 603 3975 eiS,
628 3918 719 3984 quae
742 3897 921 3986 superiore
937 3895 1039 3964 huius
1056 3895 1298 3984 disputationis
1314 3908 1414 3984 parte
1431 3893 1635 3984 disceptavi-

360 4006 446 4073 mus,
460 3996 556 4074 patet
564 3984 725 4053 versibus
735 3985 824 4074 5——8
835 3985 965 4067 referri,
980 3997 1193 4084 quantopere
1205 3983 1265 4051 illo
1279 4006 1361 4052 casu
1376 3985 1527 4052 adverso
1539 3982 1636 4050 Malli

359 4096 486 4163 corpus
518 4073 722 4163 animusque
746 4073 871 4141 affecta
894 4073 971 4141 sint.
1019 4072 1199 4142 Subtiliter
1222 4071 1328 4159 igitur
1352 4072 1635 4161 distinguendum

359 4175 413 4230 est
436 4162 525 4230 inter
548 4161 661 4251 ipsum
684 4184 795 4248 grave
819 4161 1039 4231 infortunium
1063 4161 1161 4229 amici
1186 4162 1256 4246 (vv,
1279 4163 1376 4249 1-4)
1401 4174 1437 4230 et
1455 4163 1545 4230 inter
1561 4158 1637 4229 eius

265 4277 271 4293 ·
359 4251 577 4319 incommoda
593 4274 637 4319 ex
661 4251 719 4319 illa
742 4250 937 4319 calamitate
960 4263 1049 4318 nata.
1083 4249 1185 4335 Quae
1202 4249 1379 4319 enuntiato
1396 4250 1543 4319 relativo
1567 4256 1635 4333 (vv,

358 4340 459 4430 5—8)
497 4341 540 4408 ad
575 4340 658 4408 illud
693 4339 913 4430 »naufragum
939 4396 945 4408 .
972 4393 979 4406 .
1006 4395 1012 4407 .
1042 4339 1204 4406 eiectum«
1239 4363 1375 4408 annexo
1409 4340 1635 4430 explicantur.

360 4427 556 4514 Quominus
580 4442 696 4496 autem
720 4429 784 4496 hac
806 4428 976 4496 sententia
992 4428 1137 4496 relativa
1154 4451 1306 4510 causam,
1331 4452 1400 4518 qua
1415 4429 1636 4516 »naufragus«

358 4518 469 4586 factus
493 4518 537 4587 sit
561 4518 701 4604 amicus,
726 4516 872 4617 proponi
887 4528 1075 4672 (putemus
1109 4517 1303 4586 indicativis
1326 4519 1523 4608 praesentis
1546 4539 1635 4606 »per-

358 4605 500 4695 petitur«
524 4619 559 4675 et
573 4608 775 4674 »oblectant«
792 4628 884 4695 impe
911 4606 1009 4688 imur,
1034 4629 1112 4674 cum
1128 4606 1216 4675 ratio
1232 4606 1382 4675 causalis
1399 4607 1516 4696 potius
1531 4607 1636 4674 modo
