3656 5332
828 491 1046 558 „23-

294 686 427 756 eisdem
452 685 552 755 donis
576 686 664 755 duas
688 685 909 756 condiciones
932 685 1070 756 referri:
1105 707 1225 754 eorum
1258 697 1295 753 ut
1319 684 1493 753 Venerem
1528 684 1575 753 ita

293 773 414 844 Musas
439 787 601 844 auctores
625 775 743 858 fuisse,
769 774 900 842 nullum
925 773 1038 843 locum
1063 774 1189 842 afferre
1213 769 1408 863 potuerunt,
1434 795 1504 860 quo
1528 772 1575 863 ip-

294 887 410 933 sorum
436 889 458 933 o
485 863 588 933 inioni
618 863 880 933 fundamentum
910 863 1091 932 iaceretur.
1139 862 1242 948 Quae
1275 861 1365 931 enim
1400 862 1444 930 ad
1474 886 1507 932 v.
1535 884 1576 929 10

294 953 435 1044 protulit
459 888 640 1022 Miesius
663 953 697 1021 in
721 977 754 1044 p.
779 974 847 1021 220
870 951 969 1038 (Hor.
989 951 1106 1021 Carm.
1124 951 1209 1037 llrlr
1228 973 1246 1018 s
1274 977 1298 1019 .:
1323 951 1524 1020 »Maecenas
1541 1003 1573 1018 ..

294 1055 329 1110 et
345 1041 559 1131 praesidium
577 1052 611 1110 et
628 1042 730 1111 dulce
747 1041 856 1110 decus
872 1063 1019 1123 meum«;
1038 1040 1107 1109 Ov.
1125 1039 1208 1109 Met.
1225 974 1354 1125 IIIJ266
1370 1052 1404 1108 et
1421 1039 1574 1129 Vll524),

294 1131 338 1200 ad
362 1131 468 1199 talem
492 1131 801 1216 constructionem,
833 1129 945 1219 qualis
976 1129 1009 1198 in
1034 1129 1092 1198 illo
1115 1151 1220 1198 versu
1246 1127 1375 1198 Catulli
1398 1129 1575 1219 proposita

294 1229 364 1377 εἶζ
383 1221 593 1310 qualemque
618 1219 790 1288 Birtius
824 1219 1000 1296 tractavit,
1034 1242 1103 1287 non
1135 1218 1308 1308 pertinent
1332 1217 1481 1306 ideoque
1504 1218 1574 1286 inu-

294 1322 318 1378 u
333 1333 365 1378 ra
389 1321 478 1378 sunt.

353 1423 356 1428 '
402 1415 471 1483 Pro
495 1427 591 1483 certo
615 1415 722 1502 igitur
747 1414 847 1484 nobis
871 1415 1068 1484 habendum
1093 1413 1202 1483 estin
1226 1437 1332 1483 versu
1349 1413 1484 1482 decimo
1501 1436 1572 1482 car-

294 1502 395 1579 minis
426 1503 574 1574 LXVIII
602 1526 761 1572 »munera
790 1503 953 1572 Veneris«
983 1516 1017 1572 et
1046 1525 1207 1571 »munera
1236 1501 1430 1572 Musarum«
1459 1501 1574 1571 distin·

294 1594 435 1680 guenda
470 1616 549 1662 esse
583 1592 635 1680 (cl.
667 1593 769 1661 Birt.
800 1617 833 1683 p.
863 1615 899 1680 7;
934 1590 1149 1661 Skutsch.
1182 1592 1215 1660 in
1246 1591 1327 1660 »Rh.
1352 1591 1458 1660 Mus«
1490 1592 1574 1680 1892

293 1704 327 1782 p..
354 1684 440 1769 146).
488 1681 670 1770 Loquendi
706 1683 796 1750 enim
835 1703 900 1750 usu
939 1682 983 1750 ad
1022 1681 1111 1749 hanc
1151 1680 1428 1771 explanationem
1468 1681 1573 1749 addu-

294 1793 411 1838 cimur.

401 1884 474 1955 Sed
507 1885 574 1954 alia
609 1887 713 1954 etiam
749 1909 854 1955 causa
890 1898 1019 1966 exstat,
1065 1908 1127 1953 cur
1162 1885 1219 1952 illa
1255 1908 1399 1954 munera
1434 1906 1573 1975 separa-

295 1973 354 2042 tim
373 1975 570 2075 percipere
599 1975 726 2044 malim.
774 1975 864 2043 Nam
898 1974 1059 2044 versibus
1086 1976 1175 2063 5-8
1205 1975 1315 2043 duas
1347 1975 1456 2042 malas
1479 1973 1574 2042 Malli

294 2064 515 2132 condiciones
550 2064 699 2133 describi
735 2064 900 2146 vidimus,
937 2064 1062 2152 quibus
1092 2087 1131 2131 se
1162 2063 1282 2132 vexari
1313 2063 1370 2131 ille
1406 2086 1483 2131 cum
1509 2061 1575 2132 Ca·

295 2153 380 2221 tullo
420 2154 754 2221 communicaverat:
804 2161 834 2240 1)
867 2153 932 2222 sibi
974 2153 1076 2221 simul
1119 2175 1196 2221 cum
1236 2151 1376 2221 Venere
1414 2174 1572 2220 somnum

294 2242 421 2310 deesse
446 2254 480 2310 et
503 2243 537 2328 2)
559 2241 717 2311 levandis
741 2241 899 2311 insomnii
924 2241 1132 2311 cruciatibus
1155 2253 1236 2331 apta
1258 2254 1441 2341 poetarum
1465 2263 1574 2330 opera

295 2354 362 2398 non
401 2341 544 2419 praesto
584 2353 670 2399 esse.
723 2331 843 2420 Atque
874 2354 951 2399 cum
985 2331 1157 2399 neminem
1192 2331 1303 2417 fugiat
1337 2353 1478 2398 versum
1518 2330 1572 2397 de·

294 2419 420 2487 cimum
444 2419 502 2487 illa
524 2420 633 2487 verba
662 2419 852 2509 respicere,
889 2420 970 2508 quia
999 2442 1107 2487 voces
1131 2441 1301 2487 summam
1325 2419 1572 2488 sententiarum

294 2508 510 2576 continentes
539 2508 701 2596 (»Venus«
724 2530 745 2597 5
770 2550 812 2558 -
836 2507 1030 2597 »Musae«7
1063 2549 1094 2559 -
1127 2507 1336 2576 »Musarum«
1362 2531 1403 2576 1ο
1430 2550 1464 2559 -
1491 2505 1571 2574 »Ve-

294 2596 402 2664 neris«
422 2598 474 2684 10)
492 2619 556 2686 per
572 2596 762 2665 chiasmum
787 2601 945 2686 gravitur
968 2609 1172 2687 repetuntur
1196 2598 1249 2686 (cl.
1267 2596 1466 2665 Schulzii
1490 2595 1572 2664 diss.

295 2709 327 2775 p.
356 2687 397 2752 18
420 2708 437 2754 s
464 2709 515 2774 q.;
548 2686 859 2755 Hoerschelm.
884 2709 943 2777 pg.
967 2687 990 2754 8
1013 2699 1048 2754 et
1075 2708 1130 2775 17;
1155 2685 1356 2755 Thomas.
1381 2708 1504 2754 comm.
1529 2685 1574 2752 ad

293 2799 325 2842 v.
355 2797 411 2854 1o;
440 2709 738 2844 qblrutschium
767 2776 788 2843 l.
820 2799 847 2844 c.
883 2800 915 2866 p.
943 2777 1035 2863 146),
1070 2798 1215 2844 necesse
1240 2787 1293 2843 est
1317 2775 1414 2844 illis
1438 2775 1574 2842 duabus

295 2863 466 2964 inopiis
490 2865 616 2933 binas
640 2863 767 2933 amici
792 2888 950 2955 preces
974 2887 1045 2932 res
1085 2865 1258 2933 ondere.
1296 2865 1387 2933 Nam
1411 2863 1475 2932 etsi
1499 2862 1574 2931 fieri

294 2965 451 3042 potuisse
476 2955 658 3037 concedas,
684 2965 721 3020 ut
746 2952 921 3036 CatulluS,
953 2954 982 3021 si
1006 2888 1126 3037 veIIet,
1161 2954 1299 3022 duobus
1323 2953 1422 3022 amici
1446 2952 1573 3042 optatis

293 3065 362 3109 uno
386 3041 500 3109 officio
524 3042 755 3126 satisfaceret,
787 3055 903 3110 tamen
927 3042 961 3109 in
985 3042 1044 3110 illo
1067 3066 1183 3125 versu,
1216 3043 1285 3125 ubi,
1320 3065 1410 3130 quae
1434 3040 1574 3109 Mallius

294 3129 457 3220 petiVerit
481 3131 662 3212 levamina,
687 3129 870 3212 indicatur,
896 3132 1086 3200 secundum
1111 3131 1270 3200 diversas
1293 3151 1477 3200 aerumnas
1501 3130 1573 3218 (5l6

294 3231 329 3287 et
353 3219 423 3306 718)
460 3218 620 3288 diversas
651 3242 775 3309 preces
810 3231 1049 3288 enumeratum
1080 3220 1118 3288 iri
1145 3221 1416 3310 exspectandum
1441 3231 1494 3288 est
1518 3218 1572 3306 (cl.

293 3308 595 3377 Hoerschelm.
621 3332 653 3399 p.
682 3315 744 3397 19.)

401 3423 640 3509 Quamobrem
658 3423 798 3492 minime
811 3423 892 3491 mihi
905 3425 1044 3513 placent
1060 3424 1183 3492 iudicia
1196 3447 1326 3500 eorum,
1343 3423 1402 3512 qui
1414 3445 1572 3491 »munera

295 3514 474 3581 Musarum
499 3527 534 3582 et
557 3512 720 3582 Veneris«
744 3513 872 3580 unius
896 3512 1038 3600 generis
1061 3536 1120 3581 res
1143 3511 1340 3600 significare
1364 3512 1397 3579 in
1422 3511 1572 3579 animum

294 3601 512 3669 induxerunt.
560 3601 702 3670 Plurimi
732 3601 887 3689 quidem,
919 3602 977 3689 qui
1008 3602 1095 3669 hanc
1125 3600 1270 3670 inierant
1300 3600 1484 3684 rationem,
1516 3599 1572 3666 illa

293 3712 467 3758 »munera«
491 3713 631 3758 carmen
654 3691 711 3759 vel
738 3689 889 3758 carmina
914 3691 1080 3759 amatoria
1105 3713 1185 3759 esse
1210 3689 1340 3759 Catulli
1363 3688 1473 3778 ipsius
1497 3711 1573 3757 cen·

294 3779 427 3860 sebant,
452 3802 531 3848 cum
554 3780 700 3847 formam
724 3779 897 3869 poeticam
921 3779 1048 3862 Musis,
1073 3792 1279 3868 argumenta
1304 3779 1434 3848 erotica
1458 3789 1573 3846 autem

294 3867 423 3936 Veneri
440 3868 663 3937 vindicarent.
695 3868 873 3936 Invenitur
889 3881 1004 3937 autern
1022 3868 1216 3937 huiusmodi
1229 3865 1467 3968 interpretatio
1481 3866 1573 3956 apud

294 3955 486 4047 Vulpium
504 3961 549 4047 (p.
567 3958 656 4046 388),
682 3956 923 4026 Sautenium
948 3958 1147 4044 (aduro),
1172 3956 1395 4057 Hauptrum
1420 3955 1573 4042 (Belger.

294 4069 326 4134 p.
344 4055 433 4134 247),
451 4044 713 4115 Schwabium
730 4046 801 4134 (»Q.
819 4045 875 4115 Q«
887 4070 919 4135 p.
936 4048 1022 4133 124),
1039 4046 1344 4136 Westphalium
1360 4053 1403 4135 (p.
1417 4046 1573 4134 69l7ol1),

404 4257 421 4330 ¹)
447 4261 656 4317 Schulzius
688 4261 727 4330 (in
759 4261 829 4316 diss.
863 4264 929 4330 1871
962 4279 990 4332 p.
1021 4263 1054 4316 18
1082 4261 1157 4333 sq.)
1188 4261 1257 4317 dicit
1287 4259 1573 4332 Westphalium

295 4349 435 4388 »munera
469 4332 612 4389 veneris«
648 4349 755 4388 versus
787 4333 950 4388 amatorios
983 4333 1076 4404 ipsius
1134 4333 1215 4389 atulli
1250 4350 1318 4388 esse
1350 4333 1443 4402 velle,
1479 4347 1574 4385 amun.

293 4403 462 4460 Musarum«
489 4412 589 4460 autem
618 4403 710 4459 libros
738 4422 776 4460 ex
803 4404 867 4460 eius
895 4404 1081 4460 bibliotheca.
1119 4405 1207 4474 Quod
1235 4405 1357 4474 falsum,
1383 4403 1452 4475 quia
1479 4401 1574 4458 lucide

294 4474 342 4530 W.
362 4474 516 4531 discernit:
537 4473 563 4543 1)
581 4493 609 4531 v.
631 4492 679 4530 10:
708 4493 803 4530 »mun
827 4484 857 4531 et
875 4476 950 4532 Mus.
970 4487 999 4531 et
1019 4476 1110 4531 Ven.r
1131 4497 1164 4524 =
1186 4475 1250 4530 »ein
1269 4475 1430 4532 kostliches
1449 4473 1575 4530 Gedicht

293 4545 462 4672 erotiqqqen
490 4546 652 4614 lnhaltes«;
681 4547 708 4612 2)
726 4565 754 4602 v.
773 4549 889 4617 33-36,
917 4547 1024 4618 quibus
1051 4547 1143 4602 libros
1161 4565 1180 4602 a
1199 4546 1314 4609 Catullo
1333 4546 1394 4618 peti
1419 4556 1512 4617 putat.
1539 4544 1574 4600 cf.

293 4633 357 4688 cap.
