3656 5332
786 567 1006 635 „5,-

365 740 521 809 Vidimus
535 752 651 808 autem
665 762 729 828 per
741 752 849 808 toturn
864 762 1003 808 carmen
1016 739 1176 811 vallr
1193 745 1261 823 (vv.
1282 745 1401 829 1-40)
1414 743 1537 832 ,utique

256 829 385 898 binas
440 841 562 897 artes
596 829 861 916 cognoscendas
892 851 986 898 esse:
1020 829 1099 897 bina
1129 829 1219 897 enim
1250 843 1329 898 sunt
1360 830 1537 911 1111111111-

260 940 396 987 commo
418 940 442 1001 va
468 919 537 1004 (vv,
562 919 623 1007 5l⁶
647 930 681 985 et
705 919 785 1006 718),
811 917 912 986 binae
936 923 1129 1007 preceslv.
1158 921 1227 1004 10),
1258 919 1338 986 bina
1368 943 1537 1009 responsa

256 1011 326 1092 (vv.
365 1029 495 1097 15-32
526 1019 561 1074 et
584 1007 740 1095 33—36).
792 1008 912 1096 Atque
944 1007 1033 1075 hanc
1066 1007 1322 1096 bipertitionem
1355 1030 1536 1095 argumen-

258 1109 372 1163 torum
405 1095 556 1183 denique
586 1118 655 1163 vox
680 1095 889 1183 »utriusque«
913 1097 958 1181 (v.
984 1098 1040 1184 39)
1069 1095 1209 1186 respicit
1244 1096 1297 1181 (cl.
1322 1097 1535 1174 Hoersch.

255 1208 289 1274 p.
306 1185 401 1272 17l8;
420 1184 521 1252 Birt.
535 1207 567 1273 p.
585 1206 626 1273 13
638 1195 672 1252 et
688 1185 730 1251 16
739 1207 747 1265 ;
772 1183 890 1252 Sonn
898 1206 933 1272 y.
951 1185 984 1251 in
997 1183 1220 1253 »Wochschr
1234 1185 1255 1252 f.
1271 1186 1316 1254 kl.
1332 1186 1434 1256 Phil.«
1446 1186 1535 1255 VIII.

257 1297 289 1363 p.
308 1293 352 1362 53
368 1275 445 1362 sq.).
483 1271 771 1341 commemorare
789 1274 890 1341 etiam
909 1275 1004 1342 lubet
1021 1273 1082 1340 Fr.
1100 1273 1301 1342 Hermem
1319 1275 1366 1360 (in
1382 1299 1432 1364 pr.
1452 1277 1538 1344 1888

261 1385 294 1451 p.
323 1364 388 1449 14),
414 1385 490 1430 cum
515 1361 548 1429 in
573 1361 660 1429 falsa
684 1361 961 1430 antecedentium
985 1363 1132 1451 partium
1159 1363 1391 1432 declaratione
1416 1387 1455 1433 se
1479 1367 1537 1434 ob-

263 1451 409 1518 stinaret
433 1454 487 1538 (-
512 1451 606 1518 »weil
625 1449 741 1519 Catull
765 1451 826 1519 mit
849 1475 881 1519 v.
899 1474 942 1540 32
966 1452 1053 1519 alles
1078 1452 1268 1539 abgelehnt
1291 1454 1350 1521 hat
1366 1453 1419 1540 (?),
1445 1455 1537 1524 kann

261 1563 346 1607 »non
370 1539 565 1629 utriusque«
589 1539 682 1607 nicht
708 1563 792 1625 „nur
817 1540 890 1608 eins
914 1563 982 1608 von
1000 1539 1146 1609 beiden“
1171 1541 1278 1608 seim:
1304 1542 1396 1631 quod
1420 1555 1536 1611 autem

260 1627 564 1696 Hermeshunc
589 1628 701 1718 ipsum
726 1651 866 1696 sensum
893 1629 1031 1697 efficere
1047 1629 1198 1712 volebat,
1224 1630 1440 1700 coniecturas
1459 1655 1536 1721 pro·

256 1718 382 1805 posuit,
396 1717 436 1785 cf.
450 1716 673 1786 »Wochschn
688 1717 708 1784 f.
723 1718 768 1786 kl.
782 1718 883 1785 Phil.«
896 1719 947 1786 IX
959 1742 991 1807 p.
1010 1720 1071 1806 167
1085 1720 1152 1805 —),
1167 1742 1227 1786 em
1240 1742 1287 1787 en
1297 1720 1319 1787 d
1329 1719 1386 1787 ati
1397 1743 1500 1789 ones
1511 1725 1535 1809 1)

257 1829 383 1874 versus
400 1828 444 1894 39
460 1806 771 1889 commendavisse,
793 1806 940 1896 primum
957 1807 1087 1896 »penite
1103 1831 1215 1895 usque
1231 1809 1385 1897 petenti«,
1411 1810 1536 1878 deinde

258 1895 345 1963 »ulla
363 1917 497 1982 usque«.
538 1896 662 1962 Talem
682 1908 797 1963 autem
814 1895 1049 1978 mutationem,
1068 1919 1137 1983 qua
1154 1896 1230 1983 quis
1248 1909 1367 1965 contra
1383 1898 1536 1967 omnium

261 1984 419 2052 codicum
455 1984 694 2052 auctoritatem
729 1995 879 2051 temere*
898 2006 996 2052 suam
1033 1984 1141 2073 ipsius
1181 1985 1377 2074 opinionem
1410 2000 1536 2076 poetae

257 2072 376 2140 verbis
392 2071 565 2140 inculcare
581 2072 665 2154 vult,
689 2095 756 2140 non
773 2095 916 2161 possum
934 2096 1002 2141 non
1018 2073 1169 2141 refutare
1192 2074 1245 2156 (cf.
1264 2074 1535 2144 Erdmannum

256 2160 290 2227 in
314 2159 537 2228 »Wochscbr
569 2161 589 2229 f.
615 2161 660 2228 kl.
687 2161 787 2228 Phil.«
821 2163 906 2229 1888
938 2186 970 2250 p.
1004 2184 1089 2250 1403
1117 2175 1151 2230 et
1184 2160 1473 2232 Skutschium
1502 2165 1534 2232 in

255 2248 336 2316 »Rb
362 2249 424 2317 Μ.«
450 2250 535 2338 1892
559 2273 591 2338 p.
620 2256 704 2339 145).

368 2337 528 2406 Catullus
553 2338 658 2425 igitur
682 2337 789 2428 ipsius
807 2339 1051 2407 excusationes
1067 2340 1099 2408 in
1117 2341 1277 2408 versibus
1294 2363 1427 2430 37—39
1446 2365 1535 2410 com·

256 2425 382 2514 plexus
399 2428 546 2495 amicum
564 2440 650 2509 orat,
667 2451 711 2494 ne
726 2428 849 2495 salsam
866 2428 909 2494 de
926 2449 964 2495 se
982 2427 1270 2496 existimationem
1287 2432 1424 2511 habeat,
1442 2431 1534 2520 quod

258 2515 461 2584 alterutrum
487 2517 600 2599 mod0,
627 2516 645 2583 i.
672 2540 701 2585 e.
726 2529 888 2606 poemata
913 2515 945 2585 in
970 2517 1028 2585 illa
1051 2519 1194 2606 capsula
1219 2519 1366 2603 condita,
1391 2519 1512 2588 mittat.

362 2606 482 2693 Atque
505 2604 727 2688 nuncetiam,
754 2605 834 2695 quid
854 2605 918 2674 sibi
935 2606 1042 2674 velint
1059 2631 1112 2674 vv.
1133 2629 1272 2694 11-14,
1290 2608 1534 2696 intellegimus

257 2693 396 2777 Quibus
422 2695 552 2762 amicus
577 2708 745 2775 monetur,
770 2717 814 2761 ne
838 2717 943 2782 porro
967 2696 1074 2763 »dona
1096 2697 1214 2764 beata«
1243 2720 1262 2763 a
1288 2696 1428 2765 Catullo
1457 2721 1534 2787 pos·

258 2795 323 2849 cat.
371 2781 469 2850 Haec
494 2796 611 2850 autem
636 2785 745 2850 verba
769 2783 849 2849 mibi
875 2784 918 2850 ad
943 2806 1100 2852 »munera
1127 2784 1337 2852 Veneris«
1361 2788 1436 2854 sola
1460 2810 1533 2876 per·

258 2870 368 2937 tinere
386 2871 555 2952 videntur,
582 2893 672 2958 quae
689 2871 721 2938 in
739 2871 899 2938 versibus
916 2873 1078 2939 continuo
1094 2873 1360 2942 succedentibus
1376 2878 1535 2964 (15-32)

257 2970 458 3028 tractantur.
507 2959 597 3027 Nam
616 2957 786 3038 Catullus,
813 2961 906 3047 quod
923 2961 1034 3043 docui,
1059 2984 1127 3028 non
1144 2962 1272 3045 habuit,
1298 2986 1359 3030 cur
1377 2986 1534 3032 »munera

256 3047 451 3116 Musarum«
481 3049 512 3115 in
545 3062 726 3137 posterum
753 3073 773 3116 a
805 3070 844 3117 se
868 3048 938 3137 peti
961 3049 1084 3126 nollet,
1119 3051 1325 3139 praesertim
1356 3075 1433 3120 cum
1467 3076 1536 3121 non

256 3137 361 3204 modo
386 3160 489 3204 unam
514 3139 691 3226 capsulam
724 3138 906 3221 tribueret,
939 3139 1001 3207 sed
1035 3139 1138 3207 etiam
1168 3139 1244 3229 ipsa
1272 3164 1441 3230 responsa
1471 3165 1535 3231 per

256 3248 384 3294 versus
415 3228 524 3295 daret.
573 3224 645 3294 Sed
677 3250 832 3295 amorum
866 3228 1154 3317 voluptatumque
1191 3229 1342 3297 studium
1372 3230 1402 3298 ei
1432 3230 1464 3298 in
1488 3232 1534 3299 su-

257 3327 372 3381 torum
398 3315 536 3382 omnino
553 3316 762 3383 exstinctum
780 3337 860 3383 esse
876 3315 1069 3394 videbatur,
1095 3329 1132 3384 ut
1148 3317 1238 3386 iuste
1258 3319 1369 3387 amico
1385 3321 1535 3388 suadere

256 3415 387 3491 posset,
412 3426 456 3470 ne
480 3402 628 3492 amplius
652 3405 815 3493 precibus
845 3404 974 3471 frustra
1004 3427 1147 3493 operam
1171 3407 1286 3492 daret,
1319 3408 1444 3494 quibus
1469 3408 1533 3476 Ca·

256 3489 394 3568 tullum,
427 3505 464 3558 ut
488 3491 531 3558 ad
556 3513 595 3559 se
620 3493 754 3560 veniret
785 3504 819 3560 et
849 3492 1012 3560 lasciviae
1043 3516 1083 3561 se
1114 3495 1275 3581 dederet,
1307 3518 1451 3564 movere
1481 3520 1533 3564 co·

256 3591 406 3648 naretur.
448 3579 578 3648 Verum
596 3581 734 3649 minime
752 3583 842 3651 dona
861 3583 961 3649 beata
978 3582 1022 3650 ad
1039 3583 1229 3650 carmina
1246 3584 1427 3653 reserenda
1444 3599 1532 3665 sunt,

282 3669 872 3760 uodproponebantVulpiusp.
891 3671 957 3759 389
974 3671 1297 3762 etWeisiuspr.
1314 3674 1535 3763 1869p.9et

303 3759 554 3846 oeringius
586 3783 620 3848 p.
654 3782 725 3846 140.
779 3759 868 3826 Nam
903 3760 947 3827 de
981 3761 1189 3829 carminibus
1222 3784 1327 3830 versu
1360 3763 1534 3833 tricesimo

255 3845 357 3914 tertio
381 3847 520 3915 demum
545 3860 649 3932 poeta
666 3848 825 3935 quuitur.
874 3847 1017 3916 Rectius
1041 3849 1143 3917 etiam
1160 3852 1269 3919 verba
1285 3874 1410 3920 versus
1429 3876 1469 3942 14
1490 3854 1534 3921 ad

255 3936 359 4003 ambo
383 3958 527 4003 munera
548 3935 649 4003 simul
672 3950 832 4026 spectare
857 3937 1085 4006 existimares.
1133 3937 1205 4008 Sed
1227 3964 1287 4008 cur
1303 3940 1442 4008 Mallius
1464 3954 1533 4010 tam

256 4045 404 4110 gravem
431 4023 558 4094 Catulli
583 4026 759 4115 repulsam
785 4027 828 4094 ab
853 4026 929 4115 ipso
954 4027 1120 4116 principio
1144 4028 1269 4111 tulerit,
1298 4041 1370 4097 tum
1394 4030 1534 4099 demum

257 4113 510 4202 intellegimus,
542 4137 621 4183 cum
645 4114 848 4183 relationem
872 4113 961 4184 inter
992 4117 1098 4184 »dona
1121 4117 1272 4203 beatae)
1307 4132 1340 4186 et
1373 4118 1535 4187 »Veneris

255 4240 374 4248 ᾗ...-

368 4309 473 4391 ι11111111
494 4312 692 4368 Heinsium
714 4314 927 4396 proposuisse,
944 4324 975 4370 ut
994 4315 1024 4368 in
1043 4333 1070 4368 v.
1090 4315 1338 4397 39'scriberetur:
1361 4318 1455 4388 »quod
1482 4317 1534 4373 tibi

728 4401 739 4426 ⁶<
1090 4425 1096 4436 .
1157 4427 1161 4437 .

348 4397 454 4518 llll?
467 4399 516 4508 ll?
522 4393 727 4524 ttrbttftt
743 4385 1315 4583 nantilla‘tlxtmptlttltt
1334 4476 1377 4529 pr.
1393 4461 1464 4529 1⁸⁶9
1475 4477 1534 4530 ...9

255 4530 285 4576 et
306 4521 546 4604 Kiesslingii
565 4542 594 4594 p.
615 4541 649 4595 15
658 4527 713 4596 sq.)
733 4525 893 4597 significari
913 4544 1090 4597 persuasum
1131 4530 1245 4599 abeam,
1264 4531 1317 4584 sed
1331 4531 1417 4592 dona,
1437 4531 1535 4602 qualia

255 4594 333 4648 beati
353 4595 498 4676 praebent
525 4595 576 4662 (ita
595 4595 755 4678 Vulpius
774 4614 801 4667 p.
821 4599 883 4668 389,
902 4599 1140 4670 Doeringius
1166 4616 1193 4670 p.
1215 4618 1275 4670 140,
1294 4600 1427 4658 Baehr.
1446 4603 1485 4658 ad
1504 4621 1533 4657 v.

256 4667 309 4734 15),
328 4675 476 4721 contraria
495 4685 569 4722 voce
590 4685 730 4723 »misero«
751 4669 890 4724 adducor.

1392 4762 1426 4830 4*
