3656 5332
765 575 985 642 -53,

376 788 446 870 VI.
475 789 538 868 Do
567 787 780 868 carminis
809 787 998 868 LXVIII
1029 787 1361 888 compositione.
1407 788 1409 792 ’

343 926 468 995 Utrum
493 949 631 994 carmen
656 925 1072 1015 duodeseptuagesimum
1098 948 1224 1016 unum
1250 926 1514 1004 existimandum

235 1015 280 1084 sit
303 1038 421 1097 necne,
447 1015 527 1083 inde
552 1038 572 1082 a
595 1014 726 1086 Rodii
750 1014 1025 1103 Ramlerique
1055 1015 1270 1104 temporibus
1294 1014 1404 1104 prima
1428 1015 1516 1082 inter

235 1105 461 1194 quaestiones
492 1102 645 1198 criticas,
675 1102 802 1190 quibus
831 1115 1038 1191 argumenta
1068 1104 1239 1192 poematis
1269 1105 1515 1186 tractabantur,

237 1205 321 1262 erat.
347 1193 485 1261 Mireris
510 1205 636 1274 autem,
668 1193 761 1280 quod
785 1191 819 1260 in
839 1195 908 1261 'bac
932 1215 970 1260 re
994 1191 1213 1261 diiudicanda
1237 1216 1305 1261 non
1330 1191 1444 1260 statim
1470 1191 1515 1292 ip-

235 1304 354 1350 sorum
372 1304 538 1350 versuum
558 1303 665 1368 1—40
681 1280 800 1350 verbis
816 1281 1002 1368 diligenter
1017 1280 1295 1370 interpretandis
1312 1294 1350 1349 ut
1365 1304 1429 1371 par
1444 1281 1515 1361 furt,

239 1371 389 1439 animum
415 1370 652 1452 adverterunt,
676 1370 740 1438 sed
764 1371 960 1439 maluerunt
979 1392 1160 1438 numerum
1178 1370 1349 1459 quendam
1366 1369 1513 1458 singula·

236 1460 323 1528 rium
360 1481 561 1540 causarum,
601 1459 726 1548 quibus
762 1458 887 1547 cuique
926 1472 985 1527 aut
1023 1458 1205 1528 disiunctio
1241 1472 1299 1528 aut
1323 1459 1516 1526 coniunctio

237 1547 426 1616 carminum
443 1547 633 1638 probabilis
649 1569 729 1617 esse
745 1547 932 1631 videretur,
957 1548 1123 1636 colligere
1131 1554 1165 1632 1).
1212 1548 1263 1617 lta
1278 1560 1395 1616 autem
1412 1546 1516 1614 alium

235 1636 302 1705 alia
327 1650 533 1725 argumenta
557 1659 577 1704 e
596 1636 731 1726 privata
754 1637 982 1727 persuasione
998 1637 1257 1726 praedicavisse
1273 1660 1336 1727 per
1360 1658 1399 1704 se
1423 1636 1517 1704 intel-

236 1725 373 1812 legitur.
438 1724 548 1794 Cuius
586 1725 742 1794 rationis
768 1725 930 1794 eximium
971 1727 1169 1816 exemplum
1205 1740 1258 1796 est
1292 1725 1387 1816 prior
1421 1725 1516 1812 Aug.

236 1813 395 1882 Weisii
420 1815 663 1883 commentatio
688 1816 812 1904 (1863).
889 1891 892 1898 ¹

344 1938 377 2006 Ο
405 1939 487 2006 time
520 1939 625 2027 igitur
657 1939 769 2006 meriti
799 1951 879 2006 sunt
910 1939 955 2007 A.
990 1938 1192 2006 Kiesslin
1204 1937 1303 2024 gius
1336 1939 1449 2038 (1877)
1482 1949 1517 2004 et

236 2028 349 2096 Frid.
375 1963 631 2096 Echoellius
656 2027 780 2113 (1880),
805 2028 863 2115 qui
888 2027 1168 2095 demonstrarent
1192 2026 1269 2094 illas
1293 2039 1517 2115 quaestiones

237 2115 448 2205 explicatum
473 2137 540 2182 non
565 2115 605 2182 iri
629 2114 694 2183 nisi
719 2116 879 2184 versibus
905 2138 1013 2202 1-40
1037 2115 1260 2203 argutissime
1281 2115 1517 2183 subtilissime-

237 2227 307 2292 que
331 2203 528 2293 exploratis,
554 2227 631 2271 cum
655 2203 809 2293 inprimis
825 2203 1065 2272 nonnullarum
1090 2226 1214 2273 vocum
1239 2203 1285 2290 (in
1302 2228 1334 2271 v.
1355 2227 1396 2270 10
1411 2216 1446 2272 et
1462 2205 1523 2291 39)

237 2316 364 2361 sensus
387 2305 481 2360 certe
503 2292 675 2361 finiendus
692 2306 796 2362 esset.
843 2292 921 2361 Hoc
938 2306 1054 2362 autem
1070 2306 1256 2383 perspecto
1273 2293 1349 2382 ipso
1365 2293 1516 2361 nondum

238 2383 281 2449 ad
313 2381 441 2450 exitum
474 2381 709 2450 desideratum
740 2395 947 2471 perventum
978 2396 1040 2451 est.
1088 2383 1177 2450 Nam
1209 2382 1303 2469 quod
1333 2404 1445 2470 usque
1474 2381 1518 2449 ad

236 2472 327 2539 hunc
352 2471 443 2539 diem
467 2494 570 2540 nemo
595 2483 658 2553 est,
683 2471 740 2560 qui
765 2493 804 2538 se
827 2494 948 2540 verum
973 2472 1017 2540 de
1041 2471 1098 2539 illa
1121 2495 1160 2539 re
1183 2471 1373 2558 indagasse
1397 2471 1518 2538 merito

237 2560 416 2647 glorietur,
441 2583 484 2628 eo
508 2560 555 2642 fit,
581 2561 674 2648 quod
698 2560 782 2629 illud
807 2582 835 2628 c.
852 2559 1015 2629 LXVlll¹²
1037 2561 1209 2661 poeticum
1234 2573 1288 2628 est
1311 2581 1518 2650 responsum

237 2649 298 2806 qd¹
308 2648 432 2739 privati
450 2649 598 2717 hominis
614 2648 757 2730 litteraS,
783 2672 870 2738 quas
886 2649 986 2718 nobis
1003 2651 1141 2719 mmime
1157 2662 1257 2717 notas
1275 2671 1354 2717 esse
1371 2648 1518 2738 moleste

252 2760 389 2806 erimus.

347 2861 514 2930 Nostrum
540 2884 630 2928 nunc
655 2861 794 2950 quidem
819 2874 882 2944 est,
908 2885 998 2950 quae
1022 2861 1055 2929 in
1076 2861 1250 2951 prioribus
1267 2859 1519 2929 dissertationis

239 2950 396 3040 partibus
421 2951 464 3018 de
489 2949 650 3018 carminis
673 2948 835 3018 txvlln
858 2950 1073 3038 argumentis
1102 2949 1306 3030 invenimus,
1341 2971 1419 3017 cum
1443 2971 1518 3016 ver·

239 3041 335 3108 sibus
358 3041 523 3129 41—160,
549 3039 593 3106 de
617 3061 763 3127 quorum
793 3052 957 3108 contextu
987 3052 1111 3129 postea
1141 3039 1355 3107 disseremus
1366 3043 1410 3124 2),
1442 3060 1518 3106 con·

239 3129 331 3197 ferre
348 3141 383 3196 et
399 3128 620 3197 contendere.
668 3127 910 3217 Respiciamus
927 3151 1025 3217 ergo,
1050 3129 1093 3197 ad
1111 3151 1214 3218 quem
1231 3127 1520 3196 deliberationum

241 3217 345 3286 finem
375 3217 557 3306 progressi
586 3217 695 3286 simus
728 3217 781 3304 (cl.
807 3242 840 3307 p.
864 3220 938 3307 52):
977 3242 1034 3287 vv.
1063 3241 1170 3304 1-40
1200 3239 1407 3306 responsum
1440 3237 1519 3284 esse

241 3307 450 3374 videbantur
474 3306 593 3374 Mallio
618 3307 754 3374 cuidam
780 3306 915 3388 datum,
947 3307 1044 3375 cuius
1074 3328 1217 3395 precum
1249 3306 1359 3373 altera
1381 3305 1519 3372 omnino

241 3397 445 3481 denegatur,
471 3395 580 3461 altera
603 3394 727 3483 partim
752 3394 923 3483 impletur.
972 3393 1133 3462 Catullus
1157 3394 1247 3461 enim
1272 3393 1397 3474 amic0,
1429 3415 1519 3480 quae

240 3484 316 3573 ipse
340 3483 460 3550 habuit
483 3483 565 3551 »scri
591 3495 648 3566 ta«,
675 3482 827 3551 tribuere
850 3483 968 3551 voluit.
1016 3482 1183 3570 Sequitur
1204 3505 1341 3550 carmen
1358 3480 1520 3548 LXVllla

242 3573 425 3662 epistolam
450 3571 504 3639 his
527 3506 633 3670 rebus
658 3571 774 3640 missis
798 3571 967 3641 adiectam
991 3571 1146 3656 luisse.³)

348 3697 468 3783 Atque
484 3696 712 3780 »unitarii«,
737 3663 1518 3784 quotKiesslingiHoerscbelmanni-

239 3807 309 3873 que
349 3786 404 3870 (cf.
435 3809 469 3874 p.
500 3807 544 3872 49
572 3786 603 3853 h.
634 3787 680 3870 d.)
725 3785 917 3854 sententiae
948 3787 993 3854 de
1030 3785 1166 3854 verbis:
1207 3809 1289 3852 »non
1325 3784 1521 3873 utriusque«

350 3997 368 4064 ²)
389 3999 422 4055 cs·
443 4017 491 4071 os·
511 4003 554 4069 56·

350 4087 588 4160 &domm

349 4175 369 4246 ³)
390 4178 590 4250 Gruppius
610 4197 729 4235 carmen
748 4181 797 4234 68³
818 4180 854 4234 ad
874 4178 1044 4249 exemplum
1064 4177 1203 4234 carminis
1221 4181 1257 4248 65
1276 4195 1293 4233 a
1312 4178 1431 4233 rhetore
1451 4194 1520 4247 quo·

239 4249 309 4302 darn
329 4247 430 4305 fictum
450 4267 518 4305 esse
537 4251 668 4305 animum
685 4250 807 4306 induxit.
846 4250 937 4305 Cuius
956 4249 1149 4321 praecipuum
1169 4251 1379 4304 documentum
1399 4250 1436 4318 (p.
1456 4247 1519 4318 504)

242 4319 269 4374 ei
299 4335 366 4374 esse
393 4319 551 4376 videbatur
578 4323 647 4377 »das
667 4323 823 4377 muhsame
841 4320 1028 4392 Vorbringen
1055 4322 1108 4376 der
1127 4320 1290 4390 Situation,
1316 4337 1349 4374 so
1369 4320 1438 4374 dass
1458 4319 1521 4374 hier

240 4390 355 4445 erzahlt
374 4390 459 4460 wird,
478 4407 542 4446 was
561 4391 590 4446 in
610 4392 707 4447 einem
720 4393 889 4448 wirklichen
904 4392 989 4448 Brief
1003 4393 1148 4447 vielmehr
1160 4400 1389 4462 vorausgesetzt
1402 4392 1521 4462 wbrde;

241 4460 1521 4534 dffimmfflmemmwmfflmmfflwffiffl

241 4535 309 4588 dem
334 4549 442 4588 censeo
466 4533 557 4588 nimio
577 4534 784 4603 quaestionum
804 4535 840 4589 de
860 4534 990 4589 carmine
1008 4535 1058 4588 68ἢ
1071 4534 1292 4604 propositarum
1307 4551 1430 4589 numero
1448 4533 1521 4589 satis

241 4604 439 4660 demonstrari
468 4604 673 4659 condicionum
701 4622 918 4675 causarumque
945 4605 1093 4676 poematis
1121 4605 1275 4673 Indicium,
1307 4605 1395 4674 quale
1423 4604 1521 4658 insciis

240 4675 401 4731 lectoribus
421 4675 486 4730 usui
507 4685 595 4744 esset,
616 4676 737 4732 minime
757 4678 872 4732 adesse.
