3656 5332
809 467 1028 554 *5⁶*

276 663 464 731 videtur.
511 663 631 750 Atque
655 685 723 754 nop
748 661 851 728 modo
879 683 995 728 rerum
1019 672 1375 747 argumentorumque
1399 683 1554 728 conexus

276 752 385 838 deest,
410 750 600 820 sedetiam
626 749 878 818 enuntiatorum
904 760 938 816 et
964 751 1166 828 verborum,
1191 750 1344 837 qualem,
1370 761 1407 815 ut
1431 771 1556 818 versus

249 897 251 900 .
275 863 314 928 41
342 840 515 940 prioribus
539 839 696 928 partibus
717 841 807 906 bene
824 837 1026 927 applicetur,
1044 849 1238 926 exspectes.
1287 835 1555 924 Copulationem

276 943 392 998 autem
427 941 574 1017 partium
611 927 843 996 difficillimam
878 948 958 996 esse
997 949 1039 994 eo
1078 926 1155 1014 ipso
1193 925 1421 1012 intellegitur,
1461 928 1555 1027 quod

276 1018 413 1119 plurimi
441 1017 696 1085 »unitariorum«
705 1022 729 1099 1)
754 1016 798 1084 de
829 1028 903 1083 arta
935 1036 1100 1084 versuum
1123 1036 1167 1101 40
1191 1028 1225 1082 et
1248 1036 1289 1102 41
1316 1013 1555 1084 coniunctione

276 1131 343 1176 iam
367 1109 652 1196 desperaverunt.
701 1105 751 1172 Ea
775 1105 865 1172 enim
889 1104 947 1171 vix
972 1104 1078 1191 longa
1102 1103 1349 1171 sententiarum
1366 1102 1555 1193 intercape-

277 1197 392 1279 dine2)
429 1195 612 1263 artificiose
646 1205 791 1276 statuta,
829 1193 958 1282 quippe
993 1216 1083 1282 quae
1116 1193 1384 1282 haudquaquam
1416 1216 1556 1282 praece·

277 1286 429 1353 dentium
453 1306 617 1352 versuum
641 1282 857 1369 argumentis
880 1295 957 1350 orta
973 1281 1026 1364 sit,
1050 1280 1198 1349 obtineri
1220 1294 1324 1370 atque
1340 1283 1555 1370 »praeclaris-

277 1373 378 1442 sima«
393 1373 478 1460 fingi
494 1384 619 1462 potest.
660 1372 791 1459 ltaque,
808 1371 884 1438 sive
905 1370 1070 1439 »unitarii«
1086 1393 1206 1438 sumus
1224 1370 1299 1439 sive
1319 1374 1555 1460 >>χωρίζοντες<<,

277 1463 369 1551 apud
408 1483 549 1529 versum
579 1484 620 1548 41
653 1482 807 1548 magna
838 1459 1005 1528 incisio
1037 1459 1247 1528 carminis
1277 1459 1378 1528 nobis
1408 1460 1557 1528 notanda

278 1563 341 1620 est.
373 1629 375 1633 .
389 1549 494 1636 Quod
511 1550 575 1618 nisi
592 1549 763 1631 concedis
785 1548 1077 1620 mirabilissimum
1094 1548 1254 1617 carminis
1270 1547 1556 1638 compositionem

276 1640 459 1796 proponis,
491 1661 569 1708 cum
602 1637 762 1707 Catullus
792 1637 953 1706 videatur
982 1637 1131 1738 primum
1162 1661 1226 1728 per
1257 1637 1439 1727 epistolam
1464 1638 1556 1705 fami·
1589 1638 1592 1643 ’

289 1729 406 1810 iarem,
432 1769 474 1775 -
499 1750 603 1816 quam
626 1751 690 1817 pro
714 1727 929 1814 argumentis
953 1727 1066 1794 alieno
1082 1726 1202 1795 lectori
1219 1727 1404 1794 maximam
1421 1739 1555 1816 partem

276 1817 435 1886 obscuris
450 1829 555 1906 poeta
570 1816 604 1884 in
616 1815 790 1905 publicum
804 1817 911 1884 edere
923 1815 1071 1883 noluerit
1087 1815 1140 1897 (cf.
1153 1814 1180 1882 F
1187 1839 1324 1883 enner.
1338 1839 1370 1904 p.
1385 1821 1441 1905 25)
1455 1856 1497 1864 —
1511 1817 1554 1883 ad

277 1905 431 1974 Mallium
457 1905 561 1993 loqui,
594 1918 717 1973 tuma
747 1927 853 1972 versu
883 1926 924 1990 41
957 1906 1072 1973 subito
1102 1927 1250 1992 gravem
1282 1918 1316 1973 et
1349 1905 1554 1973 sollemnem

277 1995 377 2063 amici
401 1995 632 2062 laudationem
656 1995 803 2080 habere,
833 2017 937 2081 quern
961 1993 1027 2060 iam
1053 1993 1121 2061 alio
1145 1993 1282 2061 nomine
1305 1993 1427 2080 gentili
1450 2007 1555 2082 atque

277 2097 378 2152 antea
414 2083 626 2173 appellatum
662 2106 742 2151 esse
776 2083 830 2150 hic
866 2083 1039 2170 omittam,
1073 2084 1117 2150 ad
1147 2083 1252 2150 finem
1284 2082 1434 2171 denique
1465 2083 1555 2150 dicta

277 2173 449 2260 quaedam
472 2171 706 2262 privatissima
730 2194 769 2240 ac
786 2194 876 2260 quae
892 2171 1049 2239 familiari
1073 2174 1299 2257 tantumlvv.
1328 2172 1458 2260 157l8l)
1482 2195 1556 2260 per-

276 2262 395 2351 spicua
427 2261 568 2344 fuerint,
605 2262 788 2346 addai-etp
824 2261 911 2328 haec
944 2273 1060 2328 autem
1091 2260 1206 2328 omnia
1237 2261 1398 2328 continuo
1428 2261 1460 2327 in
1490 2283 1557 2328 una

277 2354 396 2419 charta
420 2351 549 2437 scripta
573 2373 653 2418 esse
677 2351 845 2417 dicuntur.
893 2349 1071 2417 Eiusmodi
1105 2371 1244 2417 carmen
1268 2373 1354 2417 vero
1380 2348 1556 2417 Catullum

278 2439 518 2526 composuisse
541 2437 622 2506 milii
647 2461 822 2528 nunquam
847 2440 1059 2526 probabitur.

384 2527 515 2614 ltaque,
541 2540 577 2594 ut
601 2526 681 2610 dixi,
707 2526 756 2594 uti
782 2549 826 2595 ue
850 2549 987 2594 carmen
1013 2526 1105 2615 apud
1129 2551 1162 2594 v.
1178 2549 1223 2613 40
1238 2527 1394 2614 graviter
1409 2526 1554 2594 incisum

279 2639 358 2684 esse
388 2615 486 2684 fateri
518 2628 655 2704 oportet
687 2616 740 2692 (cf.
811 2616 981 2684 kutsch.
1011 2639 1043 2704 p.
1077 2638 1156 2702 144;
1191 2615 1378 2684 Palmer.
1410 2639 1443 2716 p..
1467 2616 1556 2703 348).

172 2744 175 2752 .
279 2705 372 2791 Quia
402 2717 517 2772 autem
549 2717 835 2792 argumentorum
865 2726 1004 2794 quoque
1035 2705 1128 2772 nulla
1160 2705 1339 2773 intercedit
1365 2705 1557 2773 coniunctio

278 2795 366 2863 inter
389 2807 572 2882 utramque
596 2807 730 2883 partem
755 2795 946 2862 secundum
977 2817 1034 2875 ea,
1067 2817 1157 2882 quae
1182 2794 1226 2862 de
1250 2817 1306 2861 vv.
1335 2817 1442 2883 1-40
1465 2795 1558 2861 inve·

278 2884 408 2964 nimus,
452 2884 535 2950 duo
571 2883 763 2951 carmina
798 2882 971 2950 omnino
1008 2884 1289 2952 secernenda
1329 2906 1429 2952 esse
1465 2905 1557 2950 cen-

277 2995 377 3040 sere
401 2973 517 3039 licet.

385 3061 505 3147 Atque
529 3060 562 3125 in
587 3060 822 3148 compluribus
846 3059 1052 3128 editionibus
1075 3060 1221 3128 noviciis
1245 3072 1395 3128 certus
1419 3082 1556 3127 nume-

278 3171 351 3216 rus
375 3148 654 3237 singularum
675 3170 904 3215 causarum
928 3149 1033 3237 (apud
1051 3148 1371 3217 Baehrensium
1394 3148 1555 3237 quinque,

278 3238 371 3326 apud
396 3237 591 3305 Riesium
616 3240 764 3326 septem)
789 3237 1000 3326 proponitur,
1027 3237 1153 3327 quibus
1177 3239 1247 3306 duo
1270 3250 1432 3327 poemata
1456 3259 1555 3326 sepa-

278 3327 387 3394 randa
420 3349 499 3395 esse
531 3328 788 3415 comprobetur.
836 3325 928 3411 Quia
959 3340 1075 3395 autem
1104 3338 1395 3396 commentatores
1425 3325 1475 3394 eis
1499 3337 1558 3394 aut

278 3415 468 3485 refutandis
493 3428 552 3483 aut
575 3416 801 3483 defendendis
817 3415 973 3484 laborem
989 3416 1166 3505 impertire
1182 3416 1305 3499 solent,
1330 3438 1394 3484 nos
1418 3437 1558 3503 quoque

278 3507 342 3572 has
373 3526 505 3605 causas·¹
528 3504 753 3605 tractabimus
786 3503 929 3571 Riesii
960 3504 1118 3572 ordinem
1153 3508 1199 3593 (p.
1229 3506 1327 3591 218),
1370 3527 1438 3592 quo
1474 3525 1558 3571 vera

279 3604 527 3662 commenticiis
551 3604 658 3661 mixta
681 3606 759 3676 sint,
785 3616 852 3660 non
876 3607 1069 3661 servantes

386 3683 433 3750 Ut
466 3695 581 3749 autem
612 3682 808 3769 quintam
833 3680 972 3750 Riesii
1003 3704 1162 3764 causam,
1188 3705 1279 3770 quae
1311 3682 1356 3749 ad
1385 3681 1559 3749 nomina

278 3770 418 3840 diversa
447 3770 613 3860 pertinet,
649 3770 797 3870 primum
829 3771 1033 3859 aggrediar,
1070 3773 1157 3839 haec
1188 3794 1245 3839 res
1276 3770 1343 3839 iam
1374 3770 1407 3838 in
1442 3771 1557 3860 priore

279 3859 379 3927 huius
405 3859 703 3927 commentationis
733 3872 833 3949 parte
864 3861 952 3948 (cap.
978 3860 1004 3945 l)
1036 3861 1174 3949 penitus
1205 3872 1391 3949 perspecta
1422 3872 1475 3927 est
1503 3859 1556 3945 (cf.

389 4090 408 4160 ι)
429 4091 463 4147 61.
484 4091 672 4146 Harneck.
693 4109 720 4160 p.
749 4109 796 4146 10:
827 4091 910 4146 »Wir
935 4093 1031 4146 haben
1059 4092 1088 4146 in
1115 4093 1168 4146 der
1193 4092 1271 4147 That
1298 4091 1345 4146 bei
1365 4110 1392 4146 v.
1412 4109 1448 4160 40
1472 4090 1559 4145 einen

278 4163 465 4236 Augenblick
484 4163 553 4217 inne
571 4181 608 4218 zu
631 4163 731 4218 halten
746 4203 751 4213 .
766 4179 798 4217 .«.
828 4195 856 4203 -
885 4161 1154 4232 Kiesslingius
1176 4180 1209 4218 re
1231 4181 1304 4218 vera
1326 4161 1558 4218 coniunctionem

278 4235 407 4306 partium
425 4233 534 4302 omisit,
554 4236 607 4289 sed
627 4233 718 4289 noluit
737 4233 823 4289 fateri
843 4233 887 4300 (cf.
906 4232 944 4287 M.
964 4233 1145 4289 Schmidt.
1165 4251 1194 4304 p.
1213 4233 1285 4304 782).

388 4304 408 4373 ¹l
428 4305 720 4388 Harneck.p.1o;
740 4305 898 4374 Magnus
917 4304 947 4359 iri
968 4305 1025 4360 »Fi
1043 4305 1131 4374 J.-ss.«
1154 4308 1223 4377 1875
1242 4323 1269 4378 p.
1282 4306 1337 4375 852
1356 4305 1559 4370 (»Gedanken·

281 4378 408 4531 musii)
425 4376 988 4531 1161111111Ι1531111111811111113111150411511111,Ι
1014 4465 1079 4503 ann.
1099 4447 1160 4530 crit.
1182 4449 1219 4503 ad
1239 4467 1265 4503 v.
1284 4450 1338 4529 68)Ι
1357 4447 1434 4502 hanc
1453 4446 1560 4528 unius

278 4520 418 4576 carminis
443 4520 568 4575 formam
593 4537 662 4574 esse
691 4520 868 4576 arbitratur:
899 4536 1038 4591 »corpus«
1065 4520 1185 4602 quidem
1208 4528 1357 4601 poematis
1382 4518 1511 4588 elegiam
1530 4535 1560 4571 in

278 4591 338 4646 Alli
357 4609 466 4647 nomen
486 4607 562 4655 esse,
581 4591 627 4646 cui
646 4589 801 4646 exordium
822 4599 850 4645 et
870 4589 1018 4645 conclusio
1038 4590 1172 4661 epistolis
1191 4590 1297 4646 similia
1317 4589 1408 4646 affixa
1426 4589 1494 4644 sint.
