3656 5332
750 592 967 659 ..33-

331 766 451 851 Quare
475 765 531 832 alii
561 766 706 835 facetius
736 788 893 834 »munera
917 764 1079 834 Veneris«
1103 767 1149 834 ita
1172 764 1387 855 interpretati
1412 779 1502 853 sunt,

223 869 261 926 ut
285 869 423 946 poetam
444 868 680 944 proponerent
696 855 807 923 amico
831 854 1159 923 meretriculam
1184 854 1377 944 aliquam
1401 878 1503 923 com·

224 945 431 1014 mendare
456 943 620 1013 debuisse
645 946 754 1031 (velut
777 944 899 1012 Ellis
926 944 959 1011 in
984 966 1107 1012 comm.
1133 945 1176 1011 ad
1201 967 1232 1012 ν.
1256 953 1339 1032 9l10
1388 999 1394 1012 .
1420 966 1503 1033 322;

208 1033 385 1120 ,inclinant
408 1034 452 1101 ad
477 1035 565 1102 hanc
589 1032 785 1123 opinionem
810 1032 995 1122 Magnus
1019 1033 1051 1099 in
1076 1031 1130 1100 »Z.
1155 1032 1175 1100 f.
1201 1033 1232 1099 d.
1259 1032 1316 1102 G.
1370 1063 1393 1102 .<‹
1419 1034 1507 1122 1878

224 1147 256 1213 p.
281 1124 348 1211 496
372 1134 486 1190 annot.
512 1135 546 1190 et
570 1120 766 1191 Monsius
791 1146 822 1212 p.
851 1130 914 1210 11).
946 1121 1018 1191 Sed
1035 1123 1101 1190 hoc
1118 1144 1257 1210 quoque
1271 1120 1506 1191 dubitationes

224 1223 417 1280 moventur.
455 1210 524 1278 Fac
549 1211 638 1278 enirn
657 1211 834 1280 Catullum
858 1235 922 1301 pro
947 1211 1057 1279 amico
1075 1211 1207 1279 litteras
1224 1210 1267 1278 ad
1285 1211 1504 1279 meretricem

226 1301 316 1369 illius
350 1299 459 1390 ipsius
494 1300 628 1456 oppidi,
666 1301 698 1369 in
732 1323 801 1388 quo
835 1300 974 1369 Mallius
1006 1301 1214 1368 versabatur
1247 1302 1303 1387 (—
1326 1323 1441 1389 neque
1476 1301 1507 1368 is

225 1386 359 1458 Romae
389 1390 481 1457 erat!
514 1413 553 1457 c.
583 1413 616 1479 p.
640 1412 683 1479 47
708 1397 780 1476 -),
815 1390 974 1458 dedisse:
1008 1389 1088 1456 inde
1123 1389 1273 1458 animum
1309 1387 1505 1457 inducimus

227 1478 366 1547 Catullo
391 1477 480 1546 illius
501 1479 619 1568 oppidi
636 1479 773 1568 puellas
789 1479 1036 1568 optime-'notas
1052 1477 1169 1558 fuisse,
1194 1478 1287 1567 quod
1304 1474 1506 1546 incredibile

226 1590 387 1650 censeas,
420 1589 497 1634 cum
528 1579 632 1658 poeta
657 1567 751 1635 Malli
783 1569 942 1657 »hospes«
966 1571 1012 1654 (v.
1041 1568 1094 1653 12)
1118 1566 1221 1635 luerit
1245 1579 1350 1656 atque
1373 1567 1406 1635 in
1431 1567 1508 1635 eius

226 1657 337 1747 patria
366 1679 447 1725 raro
478 1670 634 1725 moratus
658 1679 739 1726 esse
763 1656 931 1725 videatur.
979 1656 1053 1724 Aut
1075 1656 1129 1725 fac
1155 1655 1332 1726 Catullum
1356 1655 1506 1724 Romam

226 1745 408 1834 scripsisse
441 1745 484 1813 ad
515 1745 617 1813 huius
651 1746 748 1814 urbis
780 1747 930 1902 puellam
955 1746 1143 1833 quandam,
1175 1758 1213 1813 ut
1243 1744 1362 1813 Mallio
1396 1745 1507 1814 amica

226 1834 334 1918 lieret,
360 1833 418 1923 qui
443 1834 522 1904 alibi
546 1834 755 1903 domicilium
805 1837 947 1903 abebat:
979 1835 1048 1902 tale
1072 1833 1220 1901 officium
1245 1834 1383 1921 longius
1408 1834 1507 1903 vides

226 1925 343 2006 fuisse,
368 1945 470 2011 quam
496 1925 589 2012 quod
606 1924 725 1992 Mallio
741 1925 818 1992 usui
835 1947 915 1993 esse
932 1935 1062 2013 posset.
1097 1921 1273 2004 Ceterum,
1298 1923 1328 1991 si
1346 1921 1506 1992 Catullus

227 2013 373 2080 amicam
397 2013 642 2081 commendare
666 2014 794 2096 debuit,
820 2017 886 2080 non
911 2012 1133 2100 intellegitur,
1166 2035 1228 2081 cur
1253 2010 1412 2080 Catullus
1436 2025 1504 2081 tam

228 2101 413 2188 diligenter
447 2101 535 2170 sibi
571 2101 656 2191 ipsi
693 2102 821 2171 amoris
852 2102 970 2170 studia
1005 2101 1038 2169 in
1071 2123 1239 2190 praesens
1275 2115 1413 2191 tempus
1436 2125 1505 2170 non

229 2191 369 2280 placere
392 2191 594 2279 profiteatur
611 2191 662 2272 (cs.
682 2216 735 2259 vv.
756 2215 769 2259 1
797 2193 908 2280 —32),
933 2213 1010 2260 curn
1027 2189 1197 2272 facillime,
1223 2190 1382 2278 quamvis
1399 2189 1507 2259 tristis

229 2292 332 2360 esset,
357 2279 475 2348 Mallio
511 2281 655 2349 amicam
689 2304 753 2370 per
774 2213 916 2350 litteras
949 2280 1193 2348 commendare
1217 2291 1348 2368 posset,
1380 2279 1436 2364 ita,
1472 2293 1508 2348 ut

228 2368 303 2458 ipse
338 2369 381 2436 ab
418 2368 587 2437 eiusmodi
622 2369 754 2438 lusibus
790 2382 862 2438 tum
898 2369 1018 2458 procul
1055 2369 1197 2436 abesset
1228 2368 1379 2457 (Harn.
1411 2392 1444 2458 p.
1470 2391 1506 2458 75

228 2456 440 2525 Hoersch.
466 2481 498 2547 p.
522 2459 569 2546 9).

333 2581 779 2651 Hoerschelmannus
797 2583 957 2671 denique,
976 2582 1044 2672 qui,
1062 2604 1273 2669 quamquam
1287 2581 1507 2651 libidinosum

228 2670 485 2739 sensumillius
507 2694 667 2740 »munera
690 2672 854 2741 Veneris«
876 2674 967 2742 bene
991 2672 1219 2754 observabat,
1255 2683 1369 2738 tamen
1402 2670 1508 2740 Doe-

229 2758 363 2846 ringii
397 2772 462 2828 etc.
495 2761 646 2850 opinioni
679 2762 737 2830 illa
761 2764 871 2830 verba
895 2762 939 2828 ad
964 2759 1116 2829 carmina
1146 2759 1314 2827 amatoria
1347 2773 1507 2849 spectare

229 2848 444 2932 inhaerebat,
485 2851 605 2919 statuit
640 2852 686 2940 (p.
725 2853 778 2938 11)
815 2850 969 2918 Mallium
1005 2873 1025 2917 a
1062 2847 1202 2917 Catullo
1237 2849 1437 2936 rogavisse,
1472 2861 1506 2917 ut

230 2960 349 3005 eorum
385 2960 584 3022 munerum,
622 2962 713 3027 quae
748 2938 869 3028 ipsi1)
894 2938 1014 3007 Venus
1045 2938 1207 3020 donaret,
1241 2960 1280 3027 se
1304 2937 1507 3027 participem

229 3026 359 3094 laceret
375 3022 432 3109 ita,
449 3040 491 3095 ut
514 3028 604 3117 ipse
628 3051 769 3097 novos
794 3050 968 3096 amores
991 3027 1247 3115 susciperet
1264 3046 1509 3115 eorumque

231 3115 532 3184 narrationem
558 3116 766 3186 mitteret.
815 3116 888 3186 Sed
913 3130 996 3207 puto
1021 3115 1190 3185 eiusmodi
1215 3116 1371 3184 solamen
1395 3114 1509 3185 serius

230 3204 348 3272 Mallio
361 3218 544 3273 venturum
561 3206 679 3293 fuisse,
696 3206 726 3275 si
740 3205 901 3275 Catullus
917 3206 1065 3294 primum
1082 3204 1158 3295 ipse
1171 3228 1310 3273 amores
1322 3228 1506 3294 peragere,

231 3305 302 3360 tum
336 3293 438 3362 etiam
464 3295 664 3363 describere
689 3295 825 3364 debuit!
874 3294 999 3382 Neque
1023 3296 1110 3363 haec
1134 3290 1319 3362 artificiosa
1343 3294 1509 3383 cogitatio

231 3382 239 3449 i
267 3381 315 3448 sis
352 3383 470 3451 verbis
513 3396 593 3452 ata
631 3398 694 3453 est.
771 3384 861 3453 Nam
896 3386 925 3452 si
958 3406 1117 3452 »munera
1164 3381 1325 3451 Veneris«
1372 3405 1510 3451 amores

232 3405 360 3539 Catulli
392 3483 488 3556 sunt,
545 3497 564 3541 e
595 3496 716 3542 eorum
750 3472 982 3562 descriptione
1014 3472 1122 3562 petita
1146 3471 1227 3538 nihil
1252 3468 1439 3540 indicatum
1463 3471 1509 3539 in-

231 3560 384 3644 venitur;
418 3561 471 3628 sin
504 3575 619 3630 autem
654 3562 733 3631 illae
757 3585 863 3630 voces
888 3583 1045 3629 amorum
1068 3559 1338 3649 descriptionem
1363 3601 1403 3610 ...
1429 3573 1517 3649 poe·-

231 3648 332 3716 ticam
357 3649 516 3718 nimirum
542 3692 584 3699 -
607 3652 803 3738 designant,
828 3651 919 3718 idem
944 3673 1043 3718 error
1067 3649 1212 3731 exsistit,
1238 3671 1341 3738 quem
1366 3649 1434 3716 iam
1458 3673 1504 3718 re·

229 3736 395 3806 fellimus:
420 3763 578 3808 »munera
592 3739 752 3808 Veneris«
776 3739 928 3808 carmina
952 3739 1121 3808 amatoria
1144 3744 1271 3824 esse2).
1321 3737 1519 3807 Praeterea

231 3825 274 3894 H.
300 3825 374 3915 ipse
399 3830 445 3917 (p.
474 3831 525 3916 ΙΙ)
551 3829 709 3898 concedit
732 3825 791 3897 tali
816 3851 976 3911 munere,
1009 3827 1112 3916 quale
1135 3821 1211 3916 ipse
1235 3823 1412 3910 intellexit,
1446 3826 1511 3896 Ca-

231 3916 353 3983 tullum
378 3916 495 3985 Mallio
520 3941 571 4000 ea,
597 3941 687 4006 quae
704 3941 787 3986 vere
804 3929 997 4007 optaverat,
1023 3912 1151 3985 amoris
1169 3914 1298 4003 gaudia
1314 3916 1390 4005 ipsa
1406 3929 1511 4004 atque

232 4026 401 4074 unacum
426 4011 476 4072 eis
500 4029 659 4074 somnum
684 4015 751 4091 (vv.
774 4009 856 4096 516),
882 4006 1037 4075 tribuere
1062 4029 1129 4074 non
1154 4004 1321 4095 potuisse.

339 4093 411 4162 Sed
429 4117 639 4184 quamquam
657 4097 701 4164 H.
719 4097 785 4165 hoc
801 4095 946 4165 artificio
964 4095 1018 4184 (cs.
1036 4094 1241 4164 Skutsch.
1259 4093 1291 4161 in
1308 4092 1389 4160 »Rh
1407 4094 1512 4162 Mus«

234 4182 319 4270 1892
342 4207 375 4272 p.
402 4185 476 4271 146)
506 4208 527 4252 a
550 4200 645 4254 recta
669 4185 725 4253 via
756 4185 946 4269 aberravit,
977 4197 1093 4252 tamen
1117 4183 1151 4251 in
1175 4206 1208 4272 p.
1232 4193 1314 4270 pet
1339 4205 1381 4250 10
1404 4205 1510 4250 unum

231 4329 443 4340 ...m—*—

343 4397 362 4467 ²)
382 4400 442 4455 Alii
461 4411 712 4457 commentatores
726 4400 872 4456 Catullum
894 4417 1066 4456 »munerum
1079 4397 1234 4467 Veneris«,
1254 4415 1331 4469 quae
1344 4396 1513 4452 hominibus

230 4467 296 4524 fieri
315 4482 449 4542 possunt,
468 4473 567 4528 Mallio
587 4472 805 4529 conciliatorem
826 4490 893 4528 esse
913 4471 1052 4527 debuisse
1070 4471 1288 4541 proponebant.

342 4557 362 4627 ¹)
381 4559 459 4617 Dicit
472 4561 629 4634 Catullum,
648 4573 679 4619 ut
693 4561 820 4618 Ovidius
832 4578 968 4616 amorum
991 4577 1113 4616 suorum
1131 4557 1362 4628 descriptionem
1381 4555 1513 4613 breviter

234 4628 396 4686 »Amores«
425 4634 634 4704 appellaverit,
660 4633 702 4689 ita
729 4650 851 4688 suorum
880 4631 1057 4702 gaudiorum
1086 4629 1273 4685 narrationes
1302 4627 1513 4699 compendiose

234 4717 375 4758 »munera
394 4702 538 4761 Veneris«
560 4705 658 4761 dicere
677 4703 820 4776 potuisse.

1318 4805 1336 4858 3
