3656 5332
788 595 1007 663 „49-

256 795 290 863 p.
318 775 393 862 145)
417 773 646 857 demonstrat,
679 770 772 858 quod
802 767 1042 857 aut'corrupti
1074 769 1142 837 sint
1165 769 1225 856 (ita
1248 768 1345 858 Hyg.
1371 770 1415 837 de
1440 768 1535 838 limit.

257 886 288 952 p.
310 866 423 950 109l1:
447 872 499 928 »ut
521 883 565 926 ne
582 860 625 927 ab
641 871 791 946 utroque
807 879 1014 947 possessore
1031 868 1220 944 tangatur«)
1238 871 1296 926 aut
1313 858 1534 947 negationem

257 963 336 1018 ante
360 950 473 1039 ipsum
497 947 734 1037 praedicatum
759 945 908 1036 positam
930 947 1116 1015 exhibeant
1140 947 1201 1030 (sic
1218 947 1310 1036 apud
1327 946 1411 1015 Plin.
1430 947 1472 1015 N.
1489 947 1533 1022 H.

256 1040 362 1124 lll48:
394 1037 489 1106 »stati
513 1049 630 1105 autem
654 1034 759 1125 a'tque
784 1035 1041 1104 menstruinon
1066 1048 1146 1104 sunt
1169 1035 1349 1124 utriusque
1379 1035 1536 1104 defectus

254 1140 399 1217 propter
422 1126 661 1215 obliquitatem
679 1125 861 1212 signiferi«)
886 1137 944 1192 aut
969 1124 1201 1211 negationem,
1227 1147 1316 1212 quae
1340 1124 1384 1193 ad
1400 1126 1535 1214 praedi·

256 1231 370 1285 catum
393 1215 577 1283 reserenda
601 1214 660 1298 sit,¹
678 1213 811 1282 voculis
827 1225 890 1280 »et«
914 1213 970 1281 vel
987 1225 1052 1281 »ut«
1069 1213 1115 1281 ita
1132 1225 1312 1281 attractam
1332 1215 1534 1303 producant,

256 1319 293 1373 ut
327 1327 400 1372 »ne«
435 1316 469 1372 et
503 1326 646 1391 »neque«
681 1302 820 1390 legatur
854 1303 907 1390 (cf.
944 1302 1086 1370 Anthol.
1122 1303 1180 1370 lat.
1211 1301 1364 1389 (Baehr.)
1398 1310 1535 1392 149s14:

255 1392 512 1483 »Compedibus
528 1391 713 1475 Venerem,
738 1390 860 1460 vinclis
885 1391 1037 1460 constrin
1066 1391 1270 1481 eLyaeum,
1296 1415 1339 1460 ne
1364 1404 1398 1460 te
1418 1415 1535 1461 mune-

256 1484 352 1551 ribus
377 1482 492 1550 laedat
515 1493 663 1569 uterque
679 1480 765 1548 suis«
790 1493 824 1549 et
841 1482 970 1549 Ascon.
992 1480 1025 1548 in
1080 1479 1215 1549 ilonian.
1234 1503 1293 1569 30:
1318 1504 1396 1549 »nec
1412 1481 1536 1550 utrius·

257 1595 325 1659 que
335 1573 360 1659 1)
391 1570 534 1638 consilio
564 1585 758 1659 pugnaturn
789 1591 870 1638 esse
898 1592 941 1636 eo
970 1569 1063 1652 died.
1110 1569 1231 1659 ltaque
1256 1569 1389 1637 Birtii
1421 1593 1536 1638 exem·

255 1661 327 1749 plis·
360 1683 428 1727 non
467 1681 708 1742 commoveor,
748 1670 785 1725 ut
822 1681 905 1726 »non
943 1658 1138 1747 utriusque«
1161 1687 1205 1718 z:
1228 1658 1413 1727 »neutrius«
1453 1681 1535 1728 esse

256 1748 405 1818 credam.
437 1757 452 1784 ⁸

363 1835 545 1904 Riesius
569 1836 708 1924 quidem
733 1837 767 1903 in
792 1859 914 1904 comm.
940 1859 972 1924 p.
990 1858 1056 1922 224
1080 1835 1214 1903 censuit
1237 1858 1334 1903 »non«
1358 1837 1402 1903 ad
1427 1837 1536 1904 verba

254 1941 409 2016 »praesto
427 1937 494 1992 est«
518 1925 692 2015 pertinere
717 1926 838 2012 eisque
863 1924 1143 2011 coniungendum
1162 1947 1251 2006 esse,
1278 1947 1356 1993 cum
1376 1923 1536 1993 Catullus

255 2016 395 2104 saepius
426 2015 648 2102 negationem
679 2013 726 2081 ita
759 2037 779 2081 a
810 2036 897 2081 voce
930 2013 1093 2098 neganda
1124 2026 1340 2095 secerneret,
1372 2025 1409 2081 ut
1441 2013 1534 2081 illam

280 2102 448 2171 ronomini
488 2102 624 2170 cuidam
660 2114 902 2191 praeponeret.
965 2101 1037 2169 Sed
1077 2100 1343 2188 diligentissima
1382 2102 1534 2170 omnium

255 2128 414 2260 locorum
438 2191 677 2280 exploratione
702 2190 1140 2259 Hoerschelmannus
1164 2198 1210 2280 (p.
1238 2193 1381 2279 15-17)
1406 2191 1536 2259 invenit

257 2281 433 2349 Catullum
457 2280 515 2348 illa
539 2279 751 2348 seiunctione
776 2292 848 2347 tum
873 2281 1012 2347 demum
1036 2302 1137 2347 usum
1162 2302 1251 2363 esse,
1277 2303 1355 2347 cum
1380 2280 1536 2367 graviter

255 2369 478 2456 negationem
512 2392 674 2459 premere
708 2368 867 2451 volebat,
908 2380 1013 2457 atque
1048 2369 1093 2436 ita
1129 2391 1205 2436 earn
1240 2369 1462 2451 distinxisse,
1498 2381 1536 2436 ut

228 2481 377 2536 ¹vocem
414 2480 512 2526 »non«
544 2459 577 2525 in
610 2480 737 2526 versus
769 2457 895 2526 initio
926 2470 1081 2546 poneret.
1128 2458 1180 2525 At
1212 2459 1278 2525 hoc
1312 2459 1389 2526 loco
1423 2481 1536 2545 neque

254 2548 378 2616 vocula
402 2570 499 2614 »non«
522 2547 555 2615 in
587 2569 712 2616 versus
742 2546 911 2635 principio
942 2546 1070 2634 legitur
1101 2569 1215 2633 neque
1247 2547 1280 2615 in
1310 2546 1466 2616 oratione
1490 2549 1536 2615 in·

254 2637 374 2726 primis
398 2637 554 2719 excellit,
587 2659 665 2704 curn
697 2635 856 2705 Catullus
881 2635 1004 2791 potius
1030 2635 1197 2715 habuerit,
1232 2659 1293 2703 cur
1317 2636 1441 2708 leniter
1464 2658 1532 2703 mo·

255 2727 426 2812 desteque
450 2724 543 2792 illam
568 2724 791 2810 negationem
809 2734 880 2813 'pro
895 2736 998 2792 erret.

362 2813 482 2899 ltaque
517 2813 587 2893 hic,
624 2825 662 2879 ut
697 2812 796 2895 alibi,
833 2835 956 2879 vocem
991 2834 1090 2880 »non«
1124 2824 1203 2879 ante
1240 2813 1353 2901 ipsum
1389 2815 1535 2882 verbum

255 2901 453 2988 negandum
477 2900 625 2990 positam
651 2923 731 2968 esse
752 2923 816 2967 suo
833 2899 1363 2969 iureHoerschelmannus
1387 2901 1535 2969 Kiess-

255 2989 437 3076 lingium
461 2991 506 3078 (p.
535 2993 587 3079 15)
613 3002 754 3057 secutus
778 2988 993 3057 confirmavit
1016 2988 1073 3071 ita,
1099 3001 1136 3056 ut
1160 3011 1286 3058 sensus
1310 2990 1372 3059 sit:

414 3100 506 3146 »non
530 3078 771 3168 utriusque«
794 3107 837 3138 z
860 3078 1137 3146 »alterutrius
1161 3083 1384 3160 tantum«‹2).
1494 3141 1495 3146 ,

254 3166 337 3246 ΝοῐιΙ
357 3167 472 3234 omnia
496 3189 583 3255 ergo
607 3190 646 3236 se
671 3167 869 3254 negavisse,
894 3167 958 3235 sed
982 3167 1128 3236 alterurn
1155 3168 1259 3236 modo
1279 3191 1404 3237 munus
1428 3181 1534 3258 poeta

253 3256 452 3345 pronuntiat
474 3256 527 3340 (cf.
553 3255 743 3324 Schoell.
761 3280 794 3345 p.
811 3278 887 3345 471,
912 3255 1045 3342 Magn.
1071 3256 1105 3324 in
1128 3256 1182 3324 »Z.
1207 3257 1228 3324 f.
1246 3257 1277 3326 d.
1297 3257 1432 3327 G.·W.«
1451 3257 1537 3346 1878

253 3368 286 3434 p.
304 3366 380 3432 497,
394 3345 451 3443 M.
469 3343 677 3443 Schmidt.
703 3368 735 3433 p.
776 3346 828 3432 83,
854 3344 1029 3412 Weber.
1081 3366 1181 3421 .111,
1207 3343 1403 3414 Skutsch.
1420 3370 1453 3435 p.
1474 3368 1535 3435 145

254 3455 316 3522 sq,
343 3455 400 3521 qur
426 3445 557 3521 optimo
581 3432 654 3500 iure
680 3367 792 3500 attulit
817 3431 885 3500 Ov.
911 3431 956 3499 A.
981 3432 1026 3500 A.
1052 3369 1187 3520 lls6831.

360 3523 460 3588 Hanc
493 3534 608 3589 autem
645 3520 911 3610 explicationem
946 3519 1049 3588 etiam
1084 3521 1127 3588 ad
1156 3543 1327 3609 responsa
1351 3534 1477 3611 poetae
1501 3523 1534 3590 in

256 3635 311 3677 vv.
340 3612 469 3699 15—26
492 3609 639 3678 indicata
663 3609 793 3699 optime
810 3609 997 3679 convenire
1014 3609 1220 3691 videbimus
1245 3609 1284 3692 si,
1311 3610 1392 3700 quid
1417 3611 1535 3680 verbis

254 3721 336 3764 »non
361 3699 555 3787 utriusque«
577 3699 798 3788 respiciatur,
831 3699 1110 3785 cognoverimus.
1159 3697 1214 3766 De
1239 3722 1308 3788 qua
1334 3722 1439 3768 causa
1469 3702 1534 3768 hae

254 3786 448 3854 sententiae
472 3799 610 3854 exstant
634 3787 860 3876 principales:
1151 3857 1152 3862 ,

361 3875 385 3942 Ι,
421 3875 514 3942 »Non
549 3876 744 3964 utriusque«
779 3877 821 3943 ad
857 3900 890 3943 v.
927 3898 984 3944 10:
1021 3899 1178 3944 »munera
1215 3890 1249 3945 et
1285 3876 1464 3945 Musarum
1501 3890 1535 3945 et

253 3964 415 4032 Veneris«
439 3964 614 4053 pertinere
639 3965 696 4047 tita
721 3963 1003 4042 Parthenius
1029 3963 1196 4033 Doerin
1207 3987 1241 4052 g.
1267 3990 1300 4055 p.
1329 3988 1401 4052 141,
1428 3965 1535 4034 Wei-

252 4053 412 4142 siuspr.
432 4055 518 4142 1869
533 4076 566 4143 p.
583 4076 614 4142 9,
641 4052 760 4144 West
794 4055 871 4122 hal.
892 4077 924 4142 p.
944 4077 996 4142 72,
1022 4052 1217 4122 Schoell.
1234 4077 1268 4144 p.
1284 4076 1361 4143 471,
1387 4051 1535 4122 Schul-

253 4142 346 4208 zius
369 4142 402 4209 in
427 4142 509 4212 diss.
535 4165 567 4231 p.
595 4164 637 4231 19
660 4164 677 4210 s
704 4165 741 4231 q,
816 4166 955 4232 agnus
979 4143 1012 4210 in
1037 4142 1101 4210 »Fi
1125 4142 1260 4229 Jahrb«
1287 4147 1373 4234 1875
1401 4167 1433 4232 p.
1458 4143 1534 4235 851,

254 4228 458 4300 Skutsch.
489 4255 522 4320 p.
558 4233 634 4319 146,
710 4233 881 4300 arneck.
913 4255 946 4321 p.
973 4238 1015 4320 7).
1063 4231 1175 4300 Etiam
1207 4231 1534 4314 Baehrensius,

334 4439 336 4443 -
364 4405 382 4474 ¹)
402 4406 553 4462 Editiones
573 4409 756 4465 recentiores
776 4409 822 4465 hic
843 4411 965 4467 habent:
988 4411 1163 4466 »neutrius«.

363 4476 382 4546 ⁹)
403 4477 439 4532 H.
460 4478 627 4535 Monsius
647 4481 685 4550 (p.
708 4480 750 4548 16)
778 4481 833 4535 hoc
857 4491 938 4537 recte
957 4501 973 4538 a
993 4482 1356 4537 Hoerschelmanno
1383 4481 1535 4536 inventum

253 4559 282 4604 et
308 4558 452 4605 statutum
478 4567 546 4604 esse
570 4551 712 4620 concedit,
740 4552 793 4605 sed
812 4552 1002 4609 nihilominus
1025 4571 1100 4607 »non
1120 4551 1288 4624 utriusque«
1310 4574 1346 4598 =
1368 4552 1534 4608 »neutrius«

252 4638 320 4676 esse
349 4620 474 4690 obtinet,
502 4621 571 4691 quia
591 4623 668 4676 hunc
696 4622 779 4677 vocis
808 4641 929 4678 sensum
957 4624 1206 4696 praecedentibus
1234 4624 1375 4679 carminis
1400 4624 1536 4693 partibus

252 4692 452 4748 necessarium
472 4691 536 4746 ficri
557 4691 592 4758 (i)
611 4694 778 4749 arbitratur.
818 4693 860 4749 Cf.
880 4694 1031 4751 Hermis
1051 4695 1221 4764 opinionem
1241 4712 1270 4765 p.
1290 4697 1340 4766 51!

1413 4821 1429 4868 4
