3656 5332
798 527 995 594 -7-

208 737 210 745 ⁴
258 717 503 804 praeterquam
528 703 620 791 quod
647 724 724 769 cum
749 701 942 768 litterarum
967 697 1279 785 manuscriptarum
1304 695 1464 765 ductibus
1488 695 1533 762 ni-

258 817 363 860 mium
388 793 572 881 discrepat.
597 792 672 859 iure
696 801 906 871 removetur,
932 810 1010 855 curn
1034 787 1084 855 sic
1109 809 1152 854 ex
1176 808 1396 874 supervacuo
1420 785 1535 874 appel·
1578 825 1580 830 ·

258 883 340 950 latio
372 881 472 950 brevi
506 893 586 949 ante
621 880 654 966 (i.
680 901 712 947 v.
737 883 772 967 9)
803 877 956 945 adhibita
988 877 1143 943 iteretur.
1189 875 1282 943 Fieri
1314 875 1440 943 deinde
1469 896 1537 940 non

257 983 382 1060 potest,
408 970 502 1038 utin
527 995 558 1037 v.
584 992 637 1057 41,
663 969 696 1035 in
730 966 868 1036 sublimi
893 966 1193 1034 commendatione
1225 965 1269 1032 ad
1294 963 1414 1032 Musas
1437 963 1536 1040 facta,

257 1073 292 1128 et
315 1061 349 1127 in
373 1082 406 1128 v.
431 1081 475 1148 50
499 1059 707 1145 (momined)
733 1070 768 1124 et
791 1056 824 1122 in
850 1081 882 1122 v,
898 1057 944 1122 (16
960 1055 1055 1132 btale
1076 1053 1138 1122 luit
1154 1053 1253 1121 nobis
1272 1107 1278 1120 .
1297 1107 1326 1121 ..
1346 1052 1537 1137 auxilium«)

257 1171 384 1216 nomen
410 1149 537 1215 adesse
561 1160 720 1233 negetur.
767 1145 893 1234 Neque
917 1144 1101 1232 quisquam
1132 1143 1165 1209 id
1198 1155 1343 1211 conatus
1367 1154 1438 1221 est,
1469 1165 1536 1208 non

258 1237 372 1324 magis
395 1258 500 1325 quam
524 1235 557 1303 in
582 1260 613 1303 v.
639 1257 692 1323 30,
717 1233 775 1302 ubi
799 1256 934 1314 nomen,
966 1232 1031 1300 etsi
1056 1255 1122 1299 non
1149 1231 1266 1321 utique
1290 1231 1536 1311 necessarium,

257 1339 373 1393 tamen
398 1324 554 1413 profecto
578 1324 794 1413 aptissimum
820 1345 900 1391 esse
925 1332 1069 1390 constat.

364 1447 479 1516 Aliter
502 1460 618 1516 autem
642 1471 681 1516 se
705 1449 811 1516 habet
836 1472 867 1515 v.
896 1470 965 1537 150.
1004 1447 1040 1514 ln
1058 1469 1128 1534 quo
1152 1459 1275 1512 omnes
1298 1443 1372 1512 fere
1397 1444 1536 1513 codices

257 1537 439 1608 exhibent:
463 1539 543 1605 »hoc
567 1537 678 1606 tibi..
705 1559 829 1604 munus
855 1536 922 1604 Pro
947 1535 1063 1604 multis
1088 1534 1189 1602 aliis
1213 1534 1368 1601 redditur
1392 1533 1535 1602 officiis«.
1638 1534 1641 1539 ’

256 1626 434 1694 Facillime
459 1627 513 1695 hic
538 1624 745 1714 Scaliger
769 1625 933 1694 restituit:
958 1649 1036 1714 »pro
1061 1647 1115 1704 m.,
1143 1623 1254 1703 Alli,
1280 1647 1305 1690 r.
1323 1627 1407 1708 0.<‹1).
1447 1623 1536 1692 Con-

256 1730 308 1784 tra
334 1738 413 1784 eum
438 1729 554 1783 autem
572 1715 790 1783 Weberus
813 1723 857 1803 (p.
886 1724 1036 1803 11351.)
1061 1713 1226 1782 librorum
1251 1713 1434 1780 lectionem
1459 1713 1536 1780 reti-

255 1806 405 1873 nendam
437 1827 517 1873 esse
549 1804 643 1872 dixit.
692 1803 781 1872 Nam
815 1804 849 1871 in
884 1804 998 1892 elegia
1029 1827 1106 1871 av.
1138 1825 1179 1888 41
1211 1824 1321 1891 usque
1345 1802 1388 1868 ad
1414 1825 1446 1869 v.
1474 1813 1538 1867 roo

256 1893 453 1962 continuata
487 1895 531 1961 de
562 1893 672 1961 amico
701 1893 933 1960 narrationem
957 1893 1030 1959 sieri
1055 1915 1169 1979 neque
1194 1890 1269 1958 eius
1294 1890 1536 1958 allocutionem

255 1996 372 2071 aptam
397 2003 486 2050 esse.
518 1981 622 2048 Hunc
646 1994 762 2048 autem
786 1981 819 2047 in
845 1981 985 2047 modum
1004 1980 1229 2047 Weberus
1254 1978 1411 2046 codicum
1428 1981 1536 2047 verba

256 2070 459 2158 explicavit:
483 2069 531 2136 »id
557 2092 680 2137 munus
705 2069 764 2137 tibi
788 2091 852 2158 pro
877 2069 993 2136 multis
1017 2068 1148 2150 officiis,
1173 2067 1193 2134 i.
1212 2090 1240 2134 1.
1260 2069 1446 2134 multorum
1464 2069 1535 2136 offi-

256 2161 387 2225 ciorum
412 2180 567 2225 meorum
593 2160 680 2236 loco,
706 2159 843 2225 tribuo«.
874 2157 978 2243 Quod
1003 2170 1040 2224 ut
1057 2157 1238 2245 probabile
1253 2157 1393 2237 faceret,
1420 2180 1534 2224 exem-

255 2247 350 2336 plum
383 2246 544 2314 carminis
579 2246 736 2314 XXXVI
772 2247 897 2330 attulit,
930 2246 988 2314 ubi
1013 2249 1057 2333 (v.
1083 2250 1116 2334 2)
1141 2269 1232 2335 »pro»
1257 2278 1299 2302 =
1323 2245 1415 2312 »loco
1440 2247 1536 2312 ales«

256 2358 336 2404 esse
360 2336 567 2425 opinabatur
591 2341 636 2424 (p.
657 2338 742 2424 114).
783 2336 943 2404 Aliorum
968 2348 1084 2402 autem
1108 2335 1331 2403 sententiam:
1358 2333 1535 2402 Catullum

255 2447 512 2513 111111111»ρ1ο«
536 2458 577 2482 =
601 2426 648 2492 »in
677 2425 883 2513 praemium«
913 2426 1097 2492 multorum
1123 2423 1315 2492 officiorum
1339 2426 1382 2491 ab
1407 2423 1535 2492 Allio
1611 2509 1615 2515 ,

252 2513 354 2582 facile
377 2514 623 2603 praestitorum
649 2514 800 2594 dedisse,
825 2513 904 2582 ideo
928 2537 997 2581 non
1019 2514 1266 2581 admittendam
1284 2535 1364 2580 esse
1380 2514 1534 2602 putabat,

255 2604 348 2691 quod
372 2603 405 2670 in
430 2627 462 2671 v.
486 2625 527 2690 41
555 2603 695 2670 minime
718 2604 825 2671 multa
850 2603 904 2688 (cf.
929 2626 1028 2691 »qua
1053 2659 1059 2670 .
1087 2657 1093 2669 .
1119 2603 1151 2669 in
1176 2612 1240 2683 11»)
1270 2602 1385 2669 Allius
1409 2613 1535 2690 poetae

255 2692 419 2760 tribuisse
443 2691 627 2775 diceretur,
653 2715 731 2760 cum
756 2692 964 2761 vocabulum
990 2692 1156 2780 »quantis«
1178 2696 1223 2770 lv.
1241 2693 1298 2777 42)
1315 2713 1535 2779 nequaquam

254 2781 344 2848 idem
369 2783 503 2848 valeret
528 2804 567 2848 ac
591 2794 713 2870 »quot«.
747 2780 819 2849 Sed
844 2781 1006 2848 nonnulla
1030 2782 1170 2848 obstant
1195 2779 1383 2848 Weberi
1408 2780 1535 2869 opinio·

253 2869 362 2937 nibus.
411 2868 585 2937 Omnibus
610 2870 700 2937 enim
724 2870 809 2938 locis
834 2870 910 2938 libri
937 2868 1132 2952 Catulliani,
1165 2868 1224 2937 ubi
1248 2867 1536 2937 remunerationis

253 2959 418 3046 cogitatio
442 2959 648 3040 intercurrit,
673 2982 766 3048 »pro«
789 2992 831 3016 =
855 2959 902 3026 »in
926 2959 1118 3047 praemium
1143 2960 1224 3026 alcs.
1248 2957 1312 3025 rei«
1335 2971 1533 3047 usurpatur,

253 3049 345 3137 quod
381 3071 425 3115 ex
458 3049 535 3138 ipso
566 3071 605 3116 se
638 3048 749 3116 offert.
797 3048 885 3116 Vide
917 3046 1167 3204 c.XXXll11»
1200 3048 1281 3115 »»1101
1306 3059 1359 3114 est
1385 3101 1391 3115 .
1417 3070 1534 3136 ¹pro

253 3136 431 3205 laboribus
448 3137 565 3204 tantis«
590 3136 804 3227 LXlVl152:
830 3161 921 3227 »pro
947 3160 1040 3226 quo.
1059 3189 1064 3202 .
1101 3137 1169 3205 eris
1186 3137 1296 3205 dabor
1313 3137 1535 3225 alitibusque«

250 3225 296 3293 ib.
332 3247 392 3314 157
425 3227 521 3294 »talia
557 3228 615 3315 qui
649 3227 767 3295 reddis
800 3251 863 3317 pro
895 3226 987 3295 dulci
1018 3226 1174 3315 praemia
1207 3226 1293 3293 vita«
1324 3224 1536 3309 LXXVll26

251 3315 402 3382 »reddite
426 3314 472 3381 mi
495 3316 561 3382 hoc
585 3338 649 3404 pro
673 3316 803 3404 pietate
828 3339 920 3383 mea«
944 3313 1118 3402 LXVll37
1141 3315 1233 3403 »quis
1258 3337 1327 3403 ego
1351 3338 1415 3404 pro
1436 3315 1536 3382 factis

252 3403 396 3470 coelesti
426 3403 562 3471 reddita
596 3418 721 3472 coetu«.
770 3403 869 3471 Unus
902 3416 1035 3470 tantum
1060 3403 1209 3471 occurrit
1233 3426 1373 3484 versus,
1407 3403 1534 3490 inquo

252 3514 345 3580 »pro«
373 3522 410 3547 =
435 3492 526 3560 »loco
551 3493 634 3561 alcs.
660 3493 724 3560 rei«
748 3491 948 3574 adhibetur,
985 3515 1100 3581 neque
1131 3492 1206 3560 eius
1237 3492 1339 3560 lectio
1363 3505 1458 3559 certa
1483 3505 1538 3560 est

252 3582 292 3666 (c.
320 3580 461 3668 LVIJ7),
487 3580 568 3668 quia
592 3581 745 3649 nonnulli
771 3593 1063 3650 commentatores
1087 3581 1132 3649 ibi
1157 3604 1225 3648 non
1248 3604 1326 3670 »pro
1351 3582 1445 3660 telo«,
1471 3583 1536 3648 sed

253 3669 456 3736 adverbium
478 3671 642 3758 »protelo«
659 3672 880 3739 scribendum
898 3693 978 3738 esse
996 3683 1138 3738 censent
1156 3670 1207 3756 (cl.
1225 3669 1332 3738 Ries.
1350 3692 1408 3759 pg.
1431 3671 1538 3760 1051)..

251 3757 354 3825 Alter
372 3771 487 3825 autem
505 3760 612 3841 10115,
630 3759 698 3839 ille,
721 3782 791 3848 quo
808 3761 904 3827 nisus
921 3771 974 3827 est
992 3759 1209 3828 Weberus
1224 3768 1265 3841 (1.
1283 3759 1439 3826 XXXVI
1460 3767 1533 3842 1·2),

251 3846 333 3914 mihi
357 3847 497 3935 quidem
520 3847 641 3915 iniuria
666 3848 699 3915 in
722 3849 817 3916 illum
842 3870 983 3916 sensum
1008 3849 1132 3916 deduci
1156 3849 1303 3917 videtur.
1343 3849 1380 3916 In
1398 3848 1534 3937 lepidis·

250 3936 338 4003 simo
363 3937 453 4004 enim
477 3936 534 4004 illo
558 3949 721 4026 poemate
739 3936 900 4005 Catullus
917 3936 1080 4005 Lesbiam
1105 3937 1185 4005 dicit
1201 3938 1343 4006 vovisse
1368 3961 1406 4006 se
1430 3937 1534 4005 »elec-

249 4025 382 4093 tissima
405 4026 547 4114 pessimi
571 4039 697 4115 poetae
720 4027 849 4116 scripta
867 4026 1037 4116 tardipedi
1054 4027 1121 4094 deo
1138 4027 1320 4110 daturam«,
1346 4027 1374 4094 si
1392 4039 1528 4094 amatus

249 4115 314 4181 sibi
338 4115 627 4183 reconciliaretur.
677 4115 861 4184 Discordia
891 4117 996 4202 igitur
1019 4117 1157 4184 sublata
1180 4129 1284 4206 poeta
1308 4117 1464 4204 imperat,
1490 4127 1528 4182 ut

249 4205 339 4269 mala
365 4204 496 4272 Volusii
531 4205 684 4273 carmina
718 4205 802 4272 illud
838 4217 957 4272 votum
992 4228 1092 4293 »pro
1123 4228 1187 4272 sua
1218 4205 1348 4293 puella«
1379 4204 1532 4273 solvant..

250 4292 340 4358 Num
366 4292 511 4378 cogitari
535 4306 651 4382 potest
674 4292 752 4362 illos
776 4294 923 4361 miseros
939 4294 1082 4361 annales
1098 4316 1190 4382 ipro«
1207 4326 1249 4350 =
1265 4294 1371 4394 »loco«
1388 4293 1526 4382 puellae

250 4381 303 4465 (cl.
332 4380 570 4449 Weberum
602 4404 661 4472 pg.
696 4385 770 4471 114)
804 4394 923 4451 votum
955 4383 1095 4450 solvere
1127 4383 1308 4465 debuisse,
1344 4407 1363 4452 1.
1390 4407 1418 4450 e.
1451 4383 1527 4450 eius

359 4558 377 4625 ¹)
396 4560 463 4630 Jam
484 4559 755 4616 Casaubonus
783 4563 829 4617 hic
857 4580 966 4617 nomen
990 4563 1162 4632 ponendum
1182 4581 1251 4618 esse
1271 4565 1385 4619 censuit
1406 4565 1444 4633 (in
1465 4583 1523 4622 ann

248 4647 352 4685 msscr.
372 4633 409 4685 ad
430 4631 520 4686 Mur.
542 4632 600 4699 ed)
