3656 5332
747 570 968 637 ..ffl-

219 764 322 830 quam
347 742 486 832 quidem
511 755 583 811 tum
608 742 731 811 aetatis
749 741 907 811 Musaea
949 743 1036 811 oetis
1058 743 1211 812 »doctae«
1235 742 1501 811 nominabantur

220 830 272 913 (cf.
293 829 369 900 Cat.
387 831 509 921 XVJ2,·
533 830 749 920 XXXVJ17;
775 831 889 920 Lygd.
908 765 1038 921 llll45),
1064 831 1144 920 quia
1167 831 1373 921 saepissime
1395 832 1501 899 rebus

219 919 464 1009 mythologicis
488 932 523 988 et
546 920 782 989 artificialibus
805 942 949 1009 operam
974 922 1059 988 dare
1082 920 1302 1001 videbantur;
1335 921 1398 989 sed
1422 920 1500 1008 quis

220 1021 282 1090 est,
318 1009 375 1098 qui
415 1009 495 1077 inde
531 1010 715 1077 concludat
753 1009 893 1090 MusaS,
937 1031 1014 1077 cum
1054 1010 1208 1077 »doctae«
1246 1007 1385 1078 habitae
1423 1010 1500 1089 sint,

219 1097 264 1165 nil
301 1120 427 1166 canere
463 1097 528 1164 uisi
563 1099 665 1166 docta
700 1097 955 1186 artificiosaque
991 1097 1169 1166 carmina?
1224 1097 1349 1166 Nonne
1384 1097 1499 1165 omnia

218 1198 397 1276 poemata,
431 1199 465 1253 et
494 1187 592 1255 leves
615 1185 744 1254 amoris
767 1186 929 1255 versiculi
954 1200 989 1256 et
1012 1208 1142 1276 graves
1165 1187 1408 1274 obscuraeque
1432 1187 1498 1254 ele-

219 1275 315 1362 giae,
353 1273 531 1342 Musarum
562 1275 681 1343 »fetus«
711 1275 815 1344 sunt?
861 1276 982 1364 ltaque
1012 1276 1115 1365 plane
1144 1287 1253 1358 errat,
1288 1275 1497 1364 quicumque

220 1362 342 1431 Musas
366 1363 548 1431 doctorum
570 1376 772 1463 poematum
795 1375 927 1432 tantum
952 1377 1114 1434 auctores
1138 1364 1395 1451 intellegendas
1420 1386 1500 1433 esse

222 1452 303 1533 vult,
328 1452 425 1520 velut
442 1452 740 1539 DoerrugiuS,
766 1453 823 1542 qui
850 1476 1008 1522 »munera
1025 1452 1219 1522 Musarum«
1243 1452 1395 1521 carmina
1420 1475 1499 1521 esse

221 1540 311 1624 dicit,
337 1539 462 1629 quibus
486 1540 608 1609 Musae
633 1541 811 1630 adspirent
836 1547 880 1632 (p.
910 1551 992 1630 139),
1018 1543 1038 1611 i.
1064 1565 1093 1611 e.
1119 1543 1231 1624 docta,
1256 1564 1416 1610 »munera
1433 1541 1499 1609 Ve-

220 1628 326 1697 neris«
355 1641 470 1697 autem
504 1629 671 1712 carmina,
708 1630 833 1720 quibus
858 1631 978 1700 Venus
1010 1630 1180 1721 adspiret,
1213 1631 1232 1700 i.
1266 1655 1295 1700 e.
1321 1630 1497 1699 amatoria.

220 1715 393 1784 Venerem
428 1716 518 1785 enim
552 1718 662 1806 ipsam
687 1719 839 1787 carmina
864 1720 1031 1789 amatoria
1054 1743 1122 1788 non
1147 1720 1279 1788 donare
1303 1742 1409 1809 supra
1433 1720 1499 1787 iam

219 1804 390 1894 explicavi
420 1805 473 1892 (cl.
500 1828 559 1896 pg.
583 1810 650 1896 27).
698 1807 909 1877 Perversum
945 1809 1050 1897 igitur
1081 1809 1184 1878 etiam
1209 1821 1280 1891 est,
1312 1810 1405 1896 quod
1430 1808 1500 1876 Be·

219 1893 286 1961 noi
297 1894 429 1963 stius·
441 1893 536 1963 Tho
549 1919 580 1963 m
591 1895 712 1965 asius
736 1897 913 1987 proponit:
938 1921 1044 1967 »mun
1061 1896 1225 1966 Veneris«
1241 1897 1393 1967 carmina
1410 1920 1500 1978 esse,

243 1981 344 2051 uibus
379 1983 435 2051 illa
469 1984 536 2051 dea
567 1997 787 2054 venustatem
819 1987 1019 2074 praebuerit
1049 1985 1096 2074 (in
1126 2008 1248 2054 comm.
1281 1986 1325 2053 ad
1356 2011 1388 2055 v.
1425 1991 1498 2073 ro).

219 2004 417 2156 iraeterea,
443 2073 537 2159 quod
561 2072 628 2140 iam
654 2073 812 2159 indicavi,
841 2075 1000 2143 omnibus
1024 2074 1252 2164 opinionibus,
1279 2074 1406 2162 quibus
1431 2075 1500 2143 duo
1581 2091 1585 2097 '

221 2159 359 2228 diversa
394 2160 633 2230 carminum
664 2185 795 2249 genera
820 2163 1089 2251 distinguuntur,
1120 2164 1268 2233 amicum
1292 2163 1347 2249 (cl.
1373 2189 1405 2233 v.
1428 2166 1499 2254 5l6)

218 2271 360 2316 veros
396 2249 522 2317 amoris
559 2250 690 2319 fructus
733 2251 988 2320 desideravisse
1023 2253 1225 2342 neglegitur
1253 2253 1324 2341 (vd.
1349 2275 1407 2342 pg.
1432 2254 1498 2341 30).

220 2335 347 2421 Quare
375 2361 442 2406 non
473 2339 567 2422 licet,
600 2341 693 2427 quod
724 2341 879 2409 fecerunt
904 2342 947 2410 A.
974 2339 1169 2410 Weisius
1194 2343 1259 2430 (pr.
1287 2343 1373 2497 18pr
1395 2364 1428 2442 p.
1452 2344 1498 2429 9),

221 2425 521 2516 Βίτῑίυε(ρ.6)9),
545 2428 720 2515 Magnus
736 2430 782 2515 (in
793 2429 924 2498 »Flecn
938 2429 1039 2515 J.-B.«
1055 2431 1139 2519 1875
1155 2453 1187 2519 p.
1205 2432 1269 2519 851
1288 2487 1295 2513 ,
1369 2432 1499 2498 erden-

221 2515 404 2614 bachius
430 2517 476 2604 (p.
501 2517 545 2605 36
568 2519 670 2605 sqq),
694 2539 853 2586 »munera
878 2517 1039 2588 Veneris«
1062 2519 1072 2585 i
1112 2519 1207 2588 sius
1232 2517 1401 2588 Catulli
1425 2542 1495 2588 car-

219 2626 310 2671 mma
335 2627 415 2672 esse
439 2617 593 2674 statuere
618 2607 869 2696 sequentiaque
892 2630 1050 2676 »munera
1113 2629 1269 2679 usarum«
1300 2609 1333 2676 in
1357 2631 1498 2677 sensum

220 2692 363 2760 aliorum
388 2693 552 2764 librorum
579 2718 598 2762 e
622 2695 831 2765 bibliotheca
852 2709 981 2852 poetae
1004 2696 1238 2798 parandorum
1270 2696 1499 2787 interpretari.

326 2782 417 2851 Nam
441 2795 687 2872 praeterquam
711 2785 804 2872 quod
828 2808 986 2874 perrque
1009 2785 1144 2853 illorum
1169 2785 1321 2853 virorum
1347 2810 1368 2854 a
1391 2810 1500 2876 prava

219 2871 379 2960 opinione
404 2871 558 2939 Mallium
588 2875 657 2959 (vv.
685 2875 754 2962 7l8)
783 2885 922 2942 veteres
951 2873 1140 2963 scriptores
1163 2875 1420 2943 desideravisse
1445 2875 1498 2958 (cf.

219 2982 277 3047 pg.
302 2964 369 3049 25),
403 2959 547 3050 profecti
579 2972 673 3044 sunt,
705 2963 808 3030 etiam
840 2961 964 3030 mirum
995 2985 1075 3031 esse
1105 2963 1243 3032 videtur
1272 2962 1401 3031 Catulli
1430 2986 1499 3031 car-

220 3048 310 3117 mina
334 3049 535 3138 simpliciter
558 3073 718 3120 »munera
742 3050 903 3120 Veneris«
928 3051 1094 3119 nominari
1119 3064 1223 3140 atque
1247 3052 1293 3121 ita
1318 3052 1497 3122 Musarum

219 3137 371 3224 gratiae,
406 3161 474 3228 qua
498 3138 643 3207 aliorum
668 3153 829 3230 poemata
854 3141 1102 3224 condonantur,
1136 3141 1294 3231 expertia
1318 3164 1398 3211 esse
1422 3142 1497 3211 dici.

220 3225 312 3294 Num
330 3226 491 3296 Catullus
507 3228 554 3296 nil
578 3228 642 3297 nisi
667 3242 874 3316 argumenta
898 3230 1065 3298 amatoria
1089 3230 1290 3319 lascivaque
1315 3232 1499 3301 tractavit?

219 3314 309 3386 Num
335 3316 456 3385 Musas
480 3316 511 3384 ei
535 3317 703 3407 propitias
726 3318 834 3386 fuisse
858 3319 1054 3406 negamus?

325 3404 363 3473 Si
394 3404 544 3494 denique
577 3407 707 3487 omnia,
743 3429 833 3494 quae
864 3430 907 3474 ex
939 3408 1004 3475 hac
1036 3407 1280 3475 dissertatione
1304 3409 1497 3490 elucebant,

219 3493 440 3581 collegimus,
484 3494 538 3562 hic
581 3507 635 3563 est
676 3507 838 3564 eventus:
881 3494 976 3563 Malli
1022 3517 1163 3585 preceS,
1210 3518 1298 3583 quas
1339 3496 1499 3565 Catullus

218 3605 323 3651 versu
357 3583 492 3652 decimo
525 3583 669 3662 indicat,
702 3584 780 3652 vice
808 3607 912 3652 versa
936 3586 980 3653 ad
1004 3584 1138 3674 inopias
1162 3585 1194 3652 in
1219 3608 1275 3652 vv.
1300 3587 1360 3675 5)6
1383 3598 1417 3655 et
1441 3589 1500 3674 7!ss

219 3672 412 3761 descriptas
432 3673 635 3741 referendae
652 3685 741 3742 sunt.
772 3672 875 3742 Petiit
899 3697 986 3762 ergo
1011 3673 1141 3742 amicus
1166 3673 1315 3763 primurn
1340 3697 1498 3744 »munera

218 3759 421 3845 Musarum«,
447 3762 467 3830 i.
492 3785 522 3830 e.
547 3762 581 3828 in
605 3761 806 3831 universum
829 3775 1001 3851 poemata,
1027 3762 1153 3850 quibus
1177 3763 1334 3832 insomnii
1359 3765 1497 3834 labores

218 3849 361 3919 levaret.
409 3849 535 3935 Qualia
560 3863 675 3919 autem
699 3851 880 3938 rogaverit
904 3852 1072 3933 carmina,
1104 3874 1148 3919 ex
1178 3875 1221 3920 eo
1246 3853 1496 3922 enucleandum

217 3952 287 4020 est,
320 3939 414 4027 quod
446 3951 615 4008 »veteres«
638 3939 827 4029 scriptores
851 3939 916 4008 sibi
941 3939 1056 4009 taedio
1081 3963 1161 4010 esse
1185 3941 1322 4010 dixerat
1345 3942 1494 4012 Mallius.

217 4027 336 4096 Voluit
366 4028 470 4116 igitur
501 4041 595 4097 certe
628 4051 798 4097 novorum
833 4028 1042 4118 scriptorum
1078 4053 1100 4098 0
1127 4053 1197 4099 era.
1244 4028 1318 4098 Sed
1349 4031 1497 4100 dubitari

217 4128 349 4206 potest,
385 4129 499 4185 utrum
535 4117 643 4207 ipsius
670 4116 799 4187 Catulli
823 4117 976 4187 carmina
999 4118 1059 4208 (ita
1126 4141 1210 4188 arn.
1234 4141 1267 4207 p.
1291 4123 1326 4207 9)
1351 4143 1393 4186 an
1418 4120 1497 4189 alio·

216 4227 293 4273 rum
317 4205 553 4293 intellegenda
576 4207 654 4275 sint.
687 4207 738 4276 lta
762 4219 877 4276 autem
902 4208 946 4276 de
970 4207 1036 4276 hac
1061 4230 1166 4276 causa
1190 4207 1393 4277 ratiocinor:
1419 4230 1496 4277 cum

217 4315 237 4360 a
260 4307 365 4383 poeta
390 4295 580 4364 clarissimo
605 4318 696 4363 nova
718 4309 879 4385 poemata
911 4309 1073 4387 posceret
1096 4297 1248 4380 MalliuS,
1283 4297 1358 4365 eius
1389 4298 1498 4387 ipsius

217 4405 325 4473 opera
349 4383 503 4473 inprimis
526 4385 570 4452 ssa
600 4384 685 4452 itare
711 4385 838 4468 debuit,
864 4386 928 4454 nisi
945 4383 1173 4455 offensionem
1189 4388 1361 4541 praebere
1378 4387 1496 4457 voluit.

217 4471 363 4541 Amicus
393 4473 498 4560 igitur
522 4496 542 4540 a
567 4407 707 4542 datullo
739 4475 925 4564 praecipue
957 4496 1048 4562 quae
1078 4474 1154 4564 ipse
1178 4474 1236 4542 ile
1259 4497 1383 4544 recens
1408 4499 1497 4546 com·

217 4560 393 4648 posuisset
409 4562 570 4645 carmina,
588 4586 628 4630 ro
657 4562 773 4631 avisse
790 4563 936 4632 videtur.
969 4562 1044 4632 Sed
1060 4563 1247 4631 verisimile
1265 4576 1318 4632 est
1342 4564 1496 4634 Mallium

217 4671 285 4716 non
302 4651 405 4719 modo
424 4649 562 4735 Catulli,
579 4673 618 4719 se
660 4651 763 4719 etiam
781 4652 926 4720 aliorum
942 4657 1146 4740 >>νεωτέρων<<
1163 4653 1292 4743 scripta
1307 4654 1495 4742 optavisse.
