3656 5332
753 537 1025 594 st—11—

275 740 313 796 ut
336 728 371 794 in
393 751 424 795 v.
449 727 495 795 66
518 713 658 815 qnoque
681 724 783 791 »Alli«
818 746 943 792 nomen
979 707 1230 790 restituendum
1265 744 1344 790 esse
1380 743 1554 790 censeam.

277 816 395 885 Habet
430 817 520 884 enim
554 815 707 904 optimus
737 811 881 881 liberO
914 824 949 879 et
978 811 1011 878 in
1030 834 1074 878 .v.
1099 830 1143 898 50
1178 824 1212 878 et
1245 811 1346 907 11166
1370 811 1416 896 (in
1441 810 1558 878 verbis

276 914 372 1003 ipsis)
397 913 572 1002 integrum
589 934 715 980 nomen
732 910 842 992 »Alli«,
868 911 961 998 quod
978 922 1013 977 et
1029 908 1060 975 in
1078 931 1113 976 V.
1128 933 1168 996 41
1189 906 1556 998 (»QVAFALLIVS«)

277 1017 311 1071 et
342 1002 374 1070 in
410 1026 443 1070 v.
479 1024 541 1091 150
577 1002 644 1069 levi
681 1000 870 1068 mutatione
904 997 999 1066 refici
1034 1010 1160 1086 potest.
1214 997 1346 1067 Codice
1378 997 1412 1066 G
1441 1011 1556 1065 autem

275 1093 464 1181 praebetur
487 1092 520 1159 in
545 1115 576 1158 v.
601 1110 646 1178 50
669 1089 742 1156 »ali«
767 1094 823 1174 (a
848 1089 941 1176 quod
966 1111 985 1155 e
1008 1109 1096 1154 voce
1126 1087 1212 1154 »alli«
1243 1087 1320 1172 libri¹
1342 1085 1557 1154 Veronensis

276 1195 390 1249 ortum
407 1203 487 1248 esse
503 1179 650 1247 lectione
668 1177 797 1246 codicis
813 1178 849 1245 M
866 1176 951 1245 »alii«
966 1176 1116 1244 fortasse
1136 1177 1272 1244 discere
1313 1198 1477 1244 ossumns
1490 1180 1556 1259 α-);

276 1269 418 1357 reliquis
454 1269 537 1337 Iocis
573 1267 627 1336 hic
662 1267 750 1335 liber
785 1289 862 1334 cnm
897 1267 971 1335 cod.
1004 1265 1038 1333 O
1072 1265 1242 1333 convenit.
1289 1199 1364 1333 bed
1389 1264 1422 1332 in
1447 1263 1488 1332 V.
1512 1265 1558 1330 66

276 1379 398 1426 omnes
414 1358 551 1426 codices
566 1370 706 1446 praeter
722 1355 756 1423 O
773 1357 867 1424 clare
892 1354 1057 1423 exhibent
1080 1355 1266 1436 »manlius«,
1291 1355 1324 1421 in
1348 1377 1417 1423 uno
1440 1365 1555 1421 autem

276 1446 334 1514 illo
359 1445 552 1514 Oxoniensi
577 1447 717 1533 legitur:

587 1585 599 1611 »
625 1609 631 1622 .
658 1608 664 1620 .
691 1551 792 1621 allius
817 1551 983 1619 auxilium
1022 1551 1032 1617 I
1071 1550 1245 1618 manilius«

275 1668 353 1736 Hoc
378 1692 421 1736 m.
447 1692 498 1758 pr.
523 1668 556 1736 in
580 1667 739 1755 margine
763 1681 963 1735 annotatum
989 1668 1099 1736 simul.
1115 1690 1192 1734 cum
1214 1689 1320 1735 versu
1336 1665 1413 1755 ipso
1430 1688 1450 1733 e
1467 1665 1556 1734 libro

277 1757 472 1826 Veronensi
490 1757 667 1825 effluxisse
691 1757 758 1825 iarn
776 1757 1081 1825 Raehrensius
1106 1757 1137 1823 in
1163 1757 1241 1824 ed.1
1266 1755 1363 1844 proll.
1382 1754 1555 1823 XXXVII

275 1870 326 1934 sq.
344 1847 487 1915 censuit.
521 1845 568 1914 Ut
584 1859 699 1914 autem
724 1847 759 1913 id
782 1869 906 1914 verum
931 1868 1010 1913 esse
1034 1867 1241 1934 persuasum
1266 1846 1424 1928 habeam,
1449 1844 1555 1912 variis

275 1935 390 2002 causis
414 1957 647 2002 commoveor.
695 1935 783 2001 Mira
808 1935 898 2001 enim
923 1933 1095 2022 scriptura
1118 1933 1306 2000 »manllius«
1328 1931 1556 2022 explicandae

276 2022 489 2109 quaestionis
513 2022 600 2089 ratio
624 2022 836 2110 proponitur.
870 2021 907 2088 In
931 2021 1019 2089 libro
1038 2021 1230 2089 Veronensi
1255 2043 1342 2107 ergo
1366 2023 1432 2089 hoc
1449 2021 1555 2110 scrip-

276 2123 347 2177 tum
372 2110 478 2178 fuisse
503 2111 659 2178 videtur:

822 2239 899 2284 man

808 2337 820 2364 ›>
867 2307 968 2374 allius
1010 2336 1022 2363 ‹<

274 2501 327 2585 (cf.
354 2499 392 2566 Β.
417 2499 639 2568 Schmidt.
665 2501 698 2568 in
724 2502 776 2569 ed.
804 2525 879 2569 ann.
906 2502 977 2570 crit.
1004 2504 1104 2570 adv.
1132 2524 1210 2590 15o;
1250 2501 1285 2569 L.
1312 2500 1554 2568 Fennerum

275 2590 295 2657 l.
331 2613 358 2656 c.
391 2612 423 2677 p.
456 2591 521 2677 31).
570 2589 671 2658 Unde
706 2591 818 2658 codex
855 2590 888 2659 G
928 2591 1055 2692 aliique
1094 2592 1203 2659 solam
1244 2589 1552 2678 interpolationem,

274 2678 404 2767 quippe
438 2701 527 2765 quae
563 2679 714 2747 maxime
748 2680 938 2767 probabilis
971 2682 1163 2763 videretur,
1201 2690 1443 2761 exaraverunt,
1476 2701 1553 2746 cum

275 2769 424 2855 scriptor
448 2767 667 2847 ineruditus¹l
692 2767 854 2856 idemque
878 2769 1164 2855 diligentissimus
1189 2768 1265 2837 libri
1290 2767 1502 2836 Oaccurate
1519 2780 1554 2834 et

274 2855 453 2944 pristinam
485 2855 668 2923 lectionem
697 2857 868 2945 reciperet
893 2871 927 2925 et
951 2871 1187 2926 correcturam
1211 2870 1384 2946 repertam
1410 2857 1442 2923 in
1468 2878 1552 2923 mar-

275 2943 392 3031 ginem
426 2944 641 3013 adscriberet
674 2946 823 3013 errando
853 2947 1025 3034 syllabam
1051 2970 1159 3014 »man«
1184 2970 1260 3015 cum
1284 2945 1392 3013 »llius«
1416 2945 1553 3014 coniun-

273 3055 371 3119 gens.
420 3033 544 3121 Neque
581 3033 693 3102 minus
725 3034 872 3121 insignis
903 3039 1100 3125 corruptela
1133 3059 1257 3104 versus
1286 3057 1330 3124 54
1361 3035 1443 3102 mihi
1473 3056 1553 3102 esse

273 3122 420 3206 videtur,
445 3124 502 3190 ubi
520 3146 584 3212 pro
601 3147 688 3191 voce
704 3124 838 3192 »Malia«
863 3125 894 3192 in
921 3125 1098 3194 codicibus
1121 3125 1245 3215 partim
1270 3124 1426 3192 »maulia«
1443 3122 1552 3207 (OG),

273 3212 397 3300 partim
421 3211 576 3279 »manlia«
600 3213 729 3299 legitur
752 3212 862 3300 (MD).
903 3214 940 3282 In
964 3215 1040 3304 ipso
1066 3215 1259 3282 Veronensi
1284 3226 1399 3281 autem
1424 3212 1553 3281 ibidem

273 3299 430 3367 »manlia«
465 3300 629 3389 scripturn
667 3323 746 3369 esse
777 3303 980 3386 concludaS,
1025 3327 1103 3371 cum
1139 3303 1258 3370 literae
1296 3327 1346 3370 »n«
1381 3314 1415 3370 et
1445 3325 1495 3368 »u«
1519 3300 1552 3368 in

274 3389 486 3477 apographis
532 3388 623 3456 illius
669 3389 744 3456 libri
784 3391 1009 3479 manuscripti
1047 3391 1252 3480 saepissime
1291 3390 1552 3458 confundantur.

275 3477 410 3561 Quodsi
443 3477 642 3559 consider0,
679 3500 769 3565 qnae
804 3479 836 3546 in
868 3502 923 3548 vv,
948 3481 993 3546 66
1024 3493 1058 3548 et
1081 3503 1124 3569 45
1149 3478 1358 3561 invenimus,
1393 3480 1483 3547 hunc
1508 3480 1551 3546 ad

273 3564 376 3664 finem
407 3565 592 3653 pervenio:
624 3567 747 3654 aliquis
780 3568 832 3635 vir
862 3570 985 3637 doctus
1018 3569 1052 3637 in
1083 3570 1171 3637 libro
1202 3567 1396 3636 Veronensi
1430 3590 1551 3635 verum

274 3675 373 3720 amici
397 3676 536 3736 nomen,
574 3655 627 3722 cui
653 3679 680 3722 c.
705 3656 851 3725 LXVIII
862 3661 888 3743 2)
913 3659 1108 3727 dedicatum
1134 3681 1214 3726 esse
1237 3658 1430 3740 videbatur,
1455 3656 1551 3724 resti-

273 3753 371 3810 tuere
412 3756 556 3843 conatus
592 3756 654 3810 est.
702 3744 823 3830 Quare
858 3748 890 3814 in
928 3747 1072 3816 vocibus
1103 3747 1291 3830 nonnulliS,
1328 3769 1416 3836 quas
1440 3746 1551 3834 primo

272 3843 395 3919 optutu
426 3854 573 3899 nominis
606 3834 845 3922 corruptiones
876 3836 1043 3905 exhibere
1074 3836 1298 3919 existimavit,
1334 3836 1550 3904 notissimum

271 3921 403 3988 »manli«
427 3943 552 3988 nomen
577 3925 610 4010 (e
635 3923 786 3991 carmine
810 3924 890 3992 LXI
915 3927 1118 3993 translatum
1131 3927 1161 4012 l)
1187 3926 1395 4012 corrigendo
1412 3923 1551 3992 efficere

271 4010 450 4092 studebat,
484 4033 561 4077 cum
594 4024 653 4078 aut
683 4014 958 4082 emendationem
990 4016 1268 4104 superscriberet
1299 4017 1349 4101 (ut
1380 4014 1411 4080 in
1438 4036 1470 4079 v.
1494 4014 1550 4098 66)

272 4112 331 4166 aut
361 4099 496 4166 literam
527 4124 578 4166 »n«
609 4100 825 4170 admisceret.
874 4103 951 4171 Hoc
976 4117 1091 4172 autem
1117 4105 1221 4171 modo
1245 4103 1278 4170 in
1302 4127 1335 4170 v.
1359 4123 1404 4191 54
1427 4124 1549 4169 vocem

271 4189 402 4255 »malia«
429 4188 666 4288 interpolavit,
701 4211 804 4278 quam
829 4215 955 4260 nomen
979 4192 1156 4272 continere
1180 4215 1365 4282 perperam
1389 4191 1550 4280 opinatus
1576 4251 1578 4254 .

272 4288 335 4343 est.
382 4277 501 4364 Atque
536 4278 637 4344 simili
672 4279 886 4366 negligentia
921 4295 1035 4350 ortum
1071 4304 1150 4350 esse
1185 4281 1338 4364 videtur,
1376 4281 1468 4369 quod
1493 4279 1550 4347 ille

272 4377 447 4432 corrector
471 4366 557 4432 alios
582 4389 715 4449 versus
741 4368 775 4435 in
792 4370 916 4456 quibus
933 4393 1059 4440 nomen
1077 4383 1201 4451 exstat,
1226 4392 1348 4438 socors
1364 4367 1549 4460 praeteriit.

381 4557 401 4627 ¹)
420 4559 454 4614 cf.
475 4561 609 4617 Baehr.
630 4561 698 4616 ed.fl
716 4581 744 4635 p.
765 4566 922 4622 XXXVII!

381 4646 400 4716 ⁹)
419 4650 498 4720 quod
517 4649 574 4704 iam
594 4651 624 4705 in
644 4651 810 4709 Veronensi
830 4668 932 4710 unum
953 4657 1060 4712 lectum
1081 4674 1148 4711 esse
1168 4657 1308 4727 sequitur.
